2678 4702
120 301 187 369 270
543 320 793 369 incursuri.

120 462 148 521 in
165 459 318 521 Comoedia
339 459 474 532 Palliata,
495 473 601 539 prester
615 463 828 522 invocationem
843 461 973 523 iunonis
990 464 1136 534 Lucinae;
1158 485 1214 544 qua

120 570 150 618 et
164 558 228 636 ipsa
242 576 359 635 quoque
374 569 445 637 post
460 576 579 617 scenam
593 557 655 619 fieri
670 557 754 617 solet.
795 625 800 633 .
847 626 852 631 ,

120 739 278 802 tus,pnellss
287 706 406 789 liberales
416 754 540 805 nusquam
551 740 577 790 in
588 739 648 789 Pal·
689 738 845 789 Curculione
868 700 1033 802 Planesium,
1059 741 1087 791 in
1115 741 1212 804 Epidico

119 813 182 862 liuta
199 812 332 862 Comoedia
351 814 437 877 loqui:
456 815 566 879 loquitur
581 816 647 865 enim
689 814 762 878 virgo
784 815 830 865 ills
854 815 1057 879 scammelis,
1076 818 1134 867 aliar
1155 817 1212 866 alihi.

120 889 147 938 iu
176 888 320 940 Heautont.
343 887 487 953 Antiphila,
508 891 534 938 in
558 889 647 938 Plauti
693 892 765 940 West.

511 1137 814 1150 *a

250 1348 340 1397 AEbll
366 1346 509 1396 hortari
535 1346 807 1424 ARGUMENTUM
831 1345 872 1395 ΙΝ
897 1344 1096 1396 ANDRIAM.
1182 1337 1185 1347 ’

119 1479 257 1533 cusam
269 1479 384 1542 Atticus,
394 1485 470 1543 pater
482 1478 611 1530 Pasibnlm
622 1483 651 1527 at
662 1477 832 1541 Philumena,
843 1492 902 1529 cum
911 1493 946 1528 ex
961 1479 1002 1529 his
1022 1479 1158 1530 dnshnsse
1167 1479 1206 1528 Pa·

150 1561 261 1612 sihnlam
278 1560 423 1625 perdidisse
442 1559 508 1610 falso
530 1559 660 1622 crederet,
679 1560 795 1609 relictam
816 1558 937 1622 Athenis,
956 1573 1007 1610 nec
1028 1560 1110 1609 risam
1125 1565 1207 1623 ,postes

150 1641 231 1692 multo
243 1649 370 1705 tompore,
387 1647 511 1704 tanquam
527 1639 628 1689 unicam
646 1638 696 1690 sibi
713 1638 826 1702 putabat
844 1638 1046 1690 Philumenam:
1064 1653 1140 1704 quam
1154 1631 1208 1706 Cha}

151 1721 221 1769 riuus
244 1721 395 1770 adolescens
413 1719 579 1770 Atheniensis
599 1720 737 1771 adamabat
755 1719 839 1782 unice,
856 1725 884 1768 et
902 1717 953 1768 sibi
973 1718 1086 1782 petebat
1107 1729 1210 1769 uxorem

148 1799 203 1849 Sed
223 1804 299 1863 pater
320 1815 377 1850 eam
398 1800 536 1863 Pamphilo
553 1798 656 1849 cuidam
675 1798 786 1857 Simonis
803 1798 858 1849 tilio
876 1800 947 1849 ultro
967 1799 1161 1863 desponderat:
1176 1799 1210 1864 qui

150 1880 301 1944 Pamphilus
312 1886 405 1931 contra
424 1893 537 1929 sororem
554 1879 697 1943 Chrysidis,
707 1894 739 1929 ac
750 1879 913 1944 peregrinam
931 1887 986 1931 trun
998 1881 1139 1943 madian,
1148 1881 1210 1933 Posi·

151 1960 237 2010 bolam
252 1953 334 2024 supra
350 1961 458 2022 dictans,
470 1960 578 2009 alteram
590 1960 737 2011 Chremetis
754 1958 844 2021 liliam,
859 1960 907 2011 snb
923 1962 1031 2012 nomine
1050 1962 1211 2028 Glyccdhls·

151 2048 239 2092 tenter
249 2042 287 2092 sic
299 2043 405 2105 amavit,
416 2049 444 2092 ut
455 2056 488 2091 ex
500 2056 532 2091 es
548 2040 630 2091 lilium
645 2041 806 2106 suscepisset
824 2041 907 2091 inscio
918 2048 1002 2106 patre.
1039 2044 1101 2096 Qus
1111 2058 1139 2094 re
1148 2041 1211 2112 iu‘tel-

151 2123 229 2186 lecta,
241 2129 386 2173 commotus
403 2123 474 2172 Simo
491 2109 570 2186 pater¹
585 2121 724 2185 Pamphili,
736 2121 796 2170 dum
807 2135 856 2185 per
866 2120 945 2172 falsas
957 2123 1065 2186 nuptias
1075 2131 1160 2174 tentat
1169 2122 1211 2172 aui·

150 2217 220 2252 mum
238 2201 378 2264 Pamphili,
390 2201 476 2249 multis
498 2199 606 2249 nrodisa
620 2200 695 2249 Davo
713 2197 771 2264 ipss
790 2201 922 2250 deluditur
941 2217 1037 2253 servo:
1056 2204 1211 2268 periculoque

152 2280 257 2331 Charini
267 2286 294 2328 et
304 2279 433 2344 Pamphili
446 2287 530 2329 motus
542 2293 616 2329 error
626 2280 652 2329 iu
664 2279 764 2330 Fabula
775 2295 856 2345 nsque
869 2283 901 2332 ad
913 2297 971 2332 eum
980 2282 1061 2333 tinam
1070 2285 1164 2334 ductus
1175 2287 1214 2342 est,

148 2361 210 2409 dum
222 2360 337 2409 Athenas
349 2359 454 2409 veniens
466 2359 580 2409 Andrias
592 2360 695 2424 qnidam
705 2361 779 2412 Crito
792 2375 845 2411 rem
862 2363 974 2426 aperiat,
985 2373 1014 2412 et
1031 2365 1130 2414 nodum
1140 2364 1212 2414 Fabu·

122 2460 125 2465 ·
145 2443 182 2490 lae
193 2442 293 2491 solvat:
312 2454 446 2505 perquem
462 2443 553 2504 agnita
571 2442 695 2493 Pasibula
711 2443 837 2507 recipitur
855 2459 871 2494 a
886 2445 1054 2508 parentibus,
1067 2451 1094 2495 et
1114 2446 1213 2499 tradidit

149 2521 287 2585 Pamphilo
300 2522 413 2571 amantis
431 2522 584 2576 Philumena
597 2537 659 2573 vero
677 2524 788 2574 Charino
805 2523 991 2589 despondetm,
1002 2533 1032 2577 et
1051 2526 1163 2576 traditur
1178 2539 1212 2574 es·

149 2602 264 2663 optanti.
297 2602 443 2664 Perspecto
455 2610 618 2665 argumento,
630 2601 697 2652 scire
710 2603 845 2667 debemus,
857 2605 922 2654 hanc
935 2619 992 2653 esse
1004 2606 1131 2663 virtute·
1142 2605 1213 2670 poiti-

150 2693 218 2743 cam,
229 2688 259 2731 ut
271 2696 286 2728 a
297 2681 444 2730 novissimis
461 2682 605 2745 argumenti
617 2682 693 2732 rebus
711 2682 849 2747 incipiens,
860 2683 961 2735 initium
973 2684 1092 2748 Fabulae,
1104 2694 1132 2736 et
1148 2685 1213 2749 origi·

150 2773 209 2808 nem
229 2760 361 2809 narrative
383 2758 476 2811 reddat
496 2762 701 2823 spectatoribus:
719 2769 903 2828 auctoremque
920 2771 1080 2827 praesentem
1099 2767 1147 2816 sibi
1158 2765 1214 2815 esli-

150 2839 232 2902 beut,¹
246 2840 290 2888 ubi
302 2838 361 2889 linis
371 2849 411 2890 est
422 2841 549 2891 Fabulae:
576 2842 654 2892 Hunc
666 2844 735 2893 euim
747 2842 858 2892 orbem²
874 2850 902 2893 et
911 2844 1038 2894 circulum
1050 2847 1162 2909 poetice
1173 2848 1213 2894 rir-

150 2920 231 2970 tutis³
250 2935 303 2969 non
319 2919 396 2971 modo
413 2923 497 2972 secuti
507 2931 568 2973 sunt
578 2924 682 2986 Tragici
699 2924 851 2989 Comicique
867 2923 1012 2976 Auctores:
1032 2927 1079 2976 sed
1098 2925 1213 2978 Homerus

151 3002 230 3052 etiam
252 3009 281 3051 et
297 3002 423 3066 Virgilius
446 3008 596 3054 tenuerunt.
630 3005 790 3056 Diuisionem
812 3006 925 3056 Actuum
947 3007 973 3055 in
996 3007 1100 3057 Latinis
1122 3006 1213 3058 Fabulis

148 3082 326 3134 internoscere
338 3081 445 3133 difficile
456 3093 514 3135 est:
533 3099 635 3135 causam
647 3085 802 3150 jamdudum
814 3086 1058 3138 demonstravimus.
1092 3088 1169 3138 Unde
1178 3101 1213 3140 au,-

132 3200 135 3204 s
150 3169 214 3224 tem,
225 3168 271 3212 aut
290 3177 340 3228 quo
357 3163 443 3227 modo,
461 3164 579 3229 quamvis
590 3179 669 3228 aegre,
689 3172 775 3215 tamen
793 3165 904 3230 intelligi
924 3167 1104 3232 distinguique
1116 3168 1213 3235 possint,

149 3249 192 3290 est
208 3257 296 3305 operae.
318 3243 431 3307 pretium
452 3243 549 3294 dicere.
581 3245 716 3308 Principio
737 3244 876 3294 dicendum
894 3254 943 3309 est,
962 3246 1061 3296 nullam
1080 3245 1213 3310 personam,

150 3335 281 3384 egressam
299 3323 446 3386 quinquies,
465 3324 533 3372 ultra
554 3323 628 3373 exire
647 3338 732 3388 posse.
765 3325 817 3373 Sed
838 3325 883 3373 ille
903 3340 931 3374 re
951 3326 1106 3391 pierumque
1124 3327 1211 3390 decipi·

130 3438 132 3443 .
146 3414 212 3459 mur,
224 3399 292 3464 quod
310 3414 456 3464 personam,
468 3415 527 3449 cum
547 3403 668 3465 tacuerit,
680 3417 809 3467 egressam
827 3403 895 3454 falso
911 3403 1052 3467 putamus:
1069 3421 1139 3470 qum,
1149 3406 1212 3456 nihil·

149 3479 248 3530 ominus
267 3480 294 3532 in
315 3480 452 3543 proscenio
470 3487 570 3544 tacens,
586 3483 709 3546 loquendi
729 3490 831 3546 tempus
851 3489 985 3547 expectat.
1018 3485 1070 3536 Est
1087 3487 1169 3550 igitur
1184 3493 1214 3534 st·

117 3626 120 3631 Ι
149 3566 223 3610 tente
234 3559 502 3629 animadvertendum,
518 3561 561 3611 ubi
572 3569 601 3611 et
621 3562 724 3627 quando
741 3577 819 3613 scena
838 3577 918 3614 vacua
930 3564 965 3613 sit
976 3564 1010 3618 ah
1026 3567 1148 3616 omnibus
1164 3581 1213 3632 per·

148 3641 227 3705 souis,
242 3646 273 3689 ut
288 3641 315 3689 in
331 3655 363 3690 ea
381 3640 480 3691 Chorus
499 3642 541 3691 vel
558 3642 666 3692 Tibicen
686 3643 769 3692 audiri
789 3645 890 3706 possit:
907 3639 1055 3708 quodcum
1072 3645 1212 3704 viderimus,

148 3722 186 3772 ibi
204 3721 299 3772 Actum
316 3735 374 3770 esse
397 3719 499 3772 finitum
517 3723 640 3773 dehemus
657 3737 807 3786 agnoscere.
841 3722 986 3774 Confundit
1007 3739 1081 3791 saepe
1100 3727 1212 3778 lectorem

147 3803 183 3868 id,
203 3802 271 3868 quod
289 3816 400 3866 persona
417 3801 444 3850 in
466 3804 594 3867 superiori
613 3817 692 3853 scena
711 3795 843 3868 desinens,
858 3812 886 3853 at
901 3806 928 3853 in
953 3807 1075 3869 proxima
1093 3806 1211 3870 incipieus

146 3884 227 3948 loqui,
239 3897 290 3933 non
309 3883 466 3950 intelligitur
485 3883 616 3947 ingressa:
634 3882 704 3953 quod
716 3884 800 3947 ipsum
822 3885 1003 3950 experientes,
1020 3885 1212 3960 statimxdijudl·

148 4053 162 4095 l
189 4051 331 4119 Exempto
354 4052 406 4103 Ma.
432 4053 463 4102 R.
490 4050 647 4101 exhibiturus.
720 4029 740 4101 2
752 4052 838 4118 ItaR.
858 4052 901 4125 hl.
917 4054 1091 4115 ordinenld.

115 4120 192 4190 ῌηᾶ.
453 4181 456 4188 ,
526 4197 529 4202 Ι
606 4165 608 4170 .
638 4169 640 4176 ⁴
721 4127 1138 4194 snt.poosnoeursoesatre.1n.
1193 4184 1203 4197 ‚‚
