2678 4702
373 314 546 366 BUNUGHI
561 315 646 365 Ad'l‘.
660 315 711 367 iv.
734 317 787 367 80·
800 318 852 366 lv.
1094 306 1161 373 479

59 468 157 548 Quid
171 469 311 536 namuel
326 469 465 553 paulum
479 469 511 535 si
525 486 724 547 cessassem,
737 458 892 556 Pythias}
1137 478 1160 541 5

59 572 167 636 Domi
183 591 249 636 nou
264 572 494 636 offendissem:
511 572 560 636 itu
577 573 650 656 jam
666 572 851 638 adornabat
864 573 987 656 sugam.

60 674 134 738 ΡΥ.
159 673 321 738 Habesne
349 674 529 755 hominem,
557 676 701 740 amabol
747 675 816 739 ΡΗ.
843 673 973 752 Quidni
993 675 1134 742 habeam
1144 662 1170 744 ts

195 774 263 839 ΡΥ.
287 774 317 838 0
333 773 458 840 sactum
473 776 576 841 bene!
1100 804 1104 811 ·

60 876 134 939 Do.
157 876 252 942 Istuc
273 877 332 966 pol
354 895 432 942 vero
454 877 547 942 beno.
592 877 663 941 ΡΥ.
686 875 755 942 Ubi
770 878 848 942 eall
893 879 964 946 ΡΗ.
988 878 1159 964 Rogitasi

191 998 260 1042 nou
274 979 401 1045 vides‘l
1150 1023 1153 1026 -

61 1079 136 1143 ΡΥ.
157 1079 325 1145 Videaml
354 1081 498 1145 obsecro
524 1083 648 1165 quaml
693 1081 763 1146 ΡΗ.
786 1081 888 1146 Hunc
906 1081 1046 1148 scilicet.
1090 1084 1160 1150 ΡΥ.

193 1180 281 1259 Quis
294 1182 349 1246 hic
363 1189 413 1248 est
425 1183 551 1248 homo‘l
920 1197 926 1210 '
1168 1177 1172 1184 ¹

63 1281 135 1346 ΡΗ.
169 1280 239 1359 Qui
257 1282 301 1346 ad
323 1301 384 1348 vos
404 1284 572 1350 deductus
597 1285 698 1350 hodie
722 1290 783 1349 est.
836 1285 907 1348 ΡΥ.
931 1283 1033 1350 Hunc
1055 1285 1161 1350 oculis

194 1384 267 1448 suis
1118 1388 1162 1452 10
1243 1433 1248 1441 =

60 1484 264 1558 Nostrarum
279 1505 452 1571 nunquam
467 1489 645 1572 quisquam
658 1489 756 1565 vidit,
772 1486 941 1553 Phaedria.

61 1585 135 1649 ΡΗ.
158 1586 240 1652 Non
254 1587 365 1653 viditl
411 1589 480 1652 ΡΥ.
503 1587 558 1652 An
569 1595 605 1653 tu
618 1591 706 1654 hunc
722 1588 891 1654 credidisti
905 1607 992 1664 esso,
1009 1587 1161 1672 obsecro,
1219 1672 1223 1681 x

60 1687 120 1752 Ad
135 1707 198 1752 nos
213 1688 418 1754 deductuml
462 1691 533 1754 ΡΗ.
557 1689 646 1755 Nam
665 1693 789 1777 queml
816 1691 918 1756 alium
940 1690 1044 1755 habui
1058 1692 1162 1757 nemi-¹

191 1809 278 1854 nem.
322 1788 392 1855 ΡΥ.
415 1790 488 1857 Au!

60 1953 127 2004 dorni
136 1953 204 2002 illum
214 1969 261 2003 uon
270 1955 415 2018 reperissem,
424 1955 460 2004 itu
471 1954 525 2015 jam
538 1960 664 2018 parauerat
672 1956 771 2018 fugam.
805 1955 858 2006 ΡΥ.
876 1958 971 2018 Qaoeso,
982 1957 1081 2007 iubesne
1088 1959 1166 2015 lomi?

59 2022 135 2066 nem?
167 2018 222 2066 ΡΗ.
241 2019 290 2067 Gur
298 2035 344 2068 uon
355 2019 468 2068 marcar
499 2020 553 2069 ΡΥ.
573 2018 695 2080 Ofoctum
709 2020 774 2070 bene.
807 2019 860 2071 Do.
877 2020 947 2070 Istud
957 2035 1012 2070 uero
1027 2021 1163 2085 perPollui·

59 2080 209 2141 cemsuctam
220 2081 284 2132 deae.
317 2084 369 2131 ΡΥ.
390 2083 438 2132 Ubi
449 2088 502 2133 est?
523 2084 578 2133 ΡΗ.
597 2084 664 2140 Quid
670 2085 757 2148 sapius
765 2085 867 2148 quam
884 2085 1006 2147 Numquid
1016 2101 1068 2134 eum
1077 2084 1161 2138 uides?

60 2147 117 2195 ΡΥ.
136 2148 175 2194 Aa
184 2146 292 2197 uideam?
311 2147 420 2210 Obsecro,
430 2148 483 2211 quis
493 2153 528 2197 est
537 2148 587 2210 illc,
598 2163 664 2210 quem
675 2149 759 2199 video?
792 2150 845 2198 ΡΗ.
865 2149 935 2198 Vides
944 2150 1083 2199 Eunuchum
1093 2166 1162 2213 quem

58 2225 166 2261 accusas.
198 2210 252 2261 ΡΥ.
271 2211 333 2267 Quis
348 2211 387 2260 iic
404 2217 440 2262 est
456 2208 542 2262 mmo?
574 2212 630 2261 ΡΗ.
649 2214 725 2268 Quem
743 2213 811 2262 ludis
822 2214 940 2263 Parmeno
955 2215 987 2262 ud
1002 2220 1092 2263 assuas
1101 2216 1163 2265 ades

59 2275 170 2324 deducit.
204 2276 257 2324 ΡΥ.
273 2275 347 2324 Hunc
359 2276 431 2325 oculis
444 2277 494 2325 suis
509 2277 575 2325 uuila
592 2291 622 2325 ea
632 2278 824 2326 austrisuucillis
833 2293 934 2340 uuquam
948 2277 1018 2339 vidit,
1037 2279 1161 2330 Plroedriu.

60 2338 119 2388 ΡΗ.
137 2339 210 2389 Nulla
222 2353 272 2388 eum
282 2341 360 2389 uidit?
391 2339 445 2391 ΡΥ.
462 2340 503 2390 Aa
514 2345 551 2402 tu,
560 2340 664 2402 mucro,
681 2343 742 2390 lsuuc
756 2355 804 2391 esse
822 2342 945 2391 credidisti
961 2344 1108 2403 Eunuchum,
1120 2343 1163 2407 qui

59 2405 92 2452 ad
102 2418 145 2452 uos
154 2405 266 2454 deductas
276 2401 330 2455 est?
347 2404 408 2469 ΡΗ.
421 2405 533 2455 crdidi:
549 2419 605 2454 nous
614 2407 704 2454 autina
719 2405 790 2455 latui
801 2404 883 2456 alium.
915 2407 968 2457 ΡΥ.
984 2406 1046 2457 Au!
1060 2406 1099 2456 iric
1108 2408 1162 2473 qui·

523 2547 705 2570 MWMO

60 2653 152 2704 Gnelf.
163 2657 235 2703 2.—5
252 2654 379 2703 Paululum
396 2655 427 2704 Ζ.
465 2656 593 2706 Cessissem
609 2656 698 2708 (loeis.
715 2661 740 2708 2.
758 2655 847 2721 Pythia
864 2654 974 2717 Rip—ti
990 2653 1034 2704 Its
1053 2652 1163 2704 Plantut

59 2719 166 2834 §assim
200 2717 294 2782 ltaque
318 2719 435 2781 expressi
457 2735 491 2769 ex
519 2721 585 2771 Mas.
603 2720 798 2786 quamplurimis
820 2727 848 2770 et
870 2719 947 2768 editis
969 2718 1163 2782 antiquissimis.

81 2782 546 2846 untae‚Aidus‚Sr.alilque,maslot.
575 2785 626 2834 Ma.
635 2787 705 2849 Llps.
714 2787 851 2834 adornaret.
885 2782 1163 2845 Editiqnidam,orua·
1243 2815 1246 2821 -

59 2853 111 2896 rat·
140 2847 194 2896 ΕΡ.
204 2852 313 2911 pararat.
330 2848 413 2897 West.
441 2847 561 2910 Ornotnt]
580 2848 678 2899 Omnes
690 2849 733 2897 alii
745 2847 803 2896 libri
816 2853 843 2896 et
853 2848 903 2896 Ilo.
913 2845 1052 2894 adamabat.
1086 2838 1172 2896 Solus'

60 2911 155 2962 Bemb.
168 2927 244 2976 quem
255 2918 284 2961 ut
295 2911 496 2976 antiquissimum
509 2913 648 2977 sequimur,
664 2916 769 2962 mourut.
791 2913 855 2961 Bas.
866 2912 1004 2960 cumaeae.
1026 2909 1163 2959 Praeterea

60 2976 89 3025 in
103 2977 176 3026 Bem.
187 2975 291 3039 legitur,
301 2975 397 3036 sactum
406 2976 471 3040 duaa
486 2977 541 3025 siue
555 2977 587 3026 0.
602 2978 649 3027 Fa.
683 2978 862 3039 legatarum,
879 2982 909 3024 ut
932 2972 1015 3023 nostri
1034 2972 1164 3038 plerique,

58 3042 197 3099 adoronrat.
214 3042 293 3090 Bent.
326 3040 600 3092 Adoraotatvet.cod.
616 3042 691 3092 Mad.
725 3042 832 3090 Omarut
840 3040 869 3088 Z.
901 3038 1164 3088 ammirantes

60 3105 100 3154 aio
112 3105 189 3153 Bollr.
201 3105 246 3168 qui
256 3105 302 3153 dat
312 3119 341 3153 ue
350 3120 397 3169 pro
408 3110 513 3156 rouel
525 3107 626 3156 Factum
636 3106 704 3170 icae]
721 3105 774 3154 Ma.
787 3104 855 3168 Llps.
868 3102 992 3160 Osactum
1000 3100 1161 3176 iesanwest,

60 3168 174 3218 floreae
184 3169 407 3218 lomiunuumolrol
441 3169 653 3227 Quidsilsabeum?
685 3170 785 3220 Factum
800 3168 867 3231 teus]
884 3167 928 3217 Sic
945 3165 1019 3215 dedit
1029 3166 1160 3216 Faernus:

59 3234 109 3282 aed
122 3247 155 3282 ex
166 3235 242 3282 metri
254 3232 354 3282 ratione
363 3234 501 3296 legendum
514 3241 564 3295 est,
577 3233 685 3284 Hatca':
702 3241 739 3296 et,
750 3232 818 3298 qaod
832 3246 919 3281 omnes
931 3230 1013 3281 nostri
1025 3244 1083 3279 cum
1093 3236 1161 3279 sert.

61 3296 244 3358 Eddhabent,
253 3295 375 3355 Osactum
385 3297 450 3360 leae,
459 3298 561 3347 suavius
572 3306 621 3348 est.
662 3299 809 3361 Utrumque
818 3296 933 3346 viditvir
942 3294 1069 3345 eruditus.
1086 3293 1161 3345 Beni.

63 3363 88 3411 0
99 3361 197 3411 omittit
204 3362 234 3411 Z.
252 3361 346 3410 Haisu'
360 3361 406 3410 dat
414 3362 492 3411 Both.
510 3362 620 3412 Habeam
630 3361 701 3412 delet
710 3362 820 3424 Rip-s
832 3362 917 3411 Nouae
926 3357 1100 3410 Ouarna-u
1112 3359 1164 3408 Ot-

60 3441 127 3474 sacro
145 3434 206 3474 ante
223 3424 328 3474 ‘homo’
341 3425 440 3476 tu.-11
459 3424 482 3475 Α
503 3426 537 3475 ud
545 3426 591 3476 Pr.
603 3442 629 3490 p.
638 3431 696 3476 960.
714 3426 858 3475 Nostrarum
868 3426 1007 3512 quisquam.-
1019 3423 1094 3473 deest
1102 3437 1162 3474 aua·

60 3504 133 3554 quaro
144 3491 222 3539 etiam
235 3489 400 3552 indariptis.v
421 3489 459 3540 At
500 3490 618 3541 ledonius
634 3506 660 3554 p.
677 3494 750 3541 19⁰⁷.
769 3491 872 3550 ‘Nema
901 3489 994 3554 inquit,
1010 3487 1162 3538 ‘foeminino

61 3556 263 3618 generaleotum
273 3554 560 3616 estapudTerentium3
576 3565 614 3619 nt,
629 3556 706 3606 Illum
720 3569 794 3604 nemo
810 3561 956 3603 nostrarum
973 3553 1106 3617 quisquam
1124 3552 1161 3600 vi·

61 3618 121 3669 dit!
148 3618 276 3682 Apparet,
291 3618 415 3682 quosdam
428 3619 487 3668 olim
497 3620 589 3682 legisse
603 3634 670 3669 aeneo
677 3619 810 3683 quisqamm:
821 3625 849 3668 at
857 3618 933 3667 hodie
942 3617 1053 3666 Codices
1063 3629 1161 3678 omnes,

61 3697 178 3745 uunquam
190 3683 319 3746 quisquam.
345 3682 480 3745 Utrnmvis
495 3683 585 3746 probe.
601 3684 676 3734 Beni.
702 3684 771 3734 Nost.
782 3683 899 3746 auaq.q.]
916 3682 962 3729 Pr.
979 3680 1051 3730 Nost·
1062 3695 1085 3743 q.
1101 3679 1161 3729 Cle·

60 3748 155 3796 douins
166 3747 242 3796 Nemo
251 3750 313 3795 nost.
324 3762 348 3809 q.
366 3747 434 3811 quod
443 3760 518 3811 aeque
526 3747 631 3798 bouum.
658 3747 783 3797 Nostrum
794 3747 860 3796 Mas.
873 3754 900 3795 et
909 3744 968 3794 edd.
979 3749 1045 3793 vett.
1053 3742 1160 3792 habent.

61 3812 123 3875 Bip.
156 3811 295 3874 Nuuquoru]
313 3812 374 3860 Par.
391 3816 416 3861 Η.
428 3826 495 3874 ausq-
518 3810 563 3860 ΑΙ.
579 3827 634 3861 noa.
659 3812 732 3861 Peri.
750 3812 794 3876 qui
805 3817 892 3860 mouet
902 3808 993 3857 abesse
1003 3807 1065 3856 uidit
1076 3821 1091 3855 a
1101 3807 1162 3858 Ji·-

61 3880 94 3925 12
111 3877 172 3925 Esse
190 3875 266 3926 abest
284 3891 300 3924 a
316 3876 438 3939 plusculis
457 3876 521 3926 Mas.
542 3875 683 3927 Wart-lt
701 3875 767 3926 Nuus
784 3870 883 3938 queml]
900 3873 942 3922 Ita
962 3871 1052 3922 Gifan.
1064 3871 1090 3920 ia
1101 3870 1161 3920 Iud.

61 3941 170 4000 Lucret.
183 3955 206 3991 v.
224 3941 327 3989 Vtetur.
355 3940 406 3988 Me.
424 3940 494 4004 lips.
508 3940 654 4003 >Numquam
667 3940 758 3990 alium?
772 3939 843 3988 habia
854 3939 976 3987 nemiuem.
1010 3935 1073 3994 Alii,
1085 3936 1161 3985 Nara·

61 4021 106 4068 que
116 4005 192 4054 alium
199 4003 270 4053 liubai
276 4005 399 4054 nminem.
417 4003 457 4054 lo.
484 4003 593 4068 Namque
602 4004 675 4054 ulium
685 4003 757 4053 dabui
766 4001 894 4064 nemiuem]
910 4002 984 4051 Solus
995 4001 1069 4049 Bem.
1080 3999 1162 4049 hebet

60 4083 177 4133 uomqus5
194 4082 281 4118 omnes
292 4067 337 4118 alii
347 4074 474 4132 quotquot
485 4076 555 4130 sunt,
564 4066 628 4118 item
639 4058 766 4129 Donatus,
782 4081 837 4115 num
847 4079 929 4130 quem:
945 4079 1022 4135 quam
1034 4070 1063 4113 et
1072 4077 1160 4131 veram

59 4133 201 4184 lectionem
221 4139 285 4196 puto
320 4133 358 4182 ita
369 4139 399 4181 ot
411 4132 596 4197 interrogative
608 4133 783 4197 distinguatur
794 4139 865 4195 post,
879 4131 945 4180 Num
955 4125 1039 4194 mem?
1054 4135 1083 4180 et
1092 4125 1161 4178 affir-
