2678 4702
198 288 264 355 250
532 304 726 355 arcsanus
749 304 962 356 snururrns

200 448 254 508 sed
269 447 339 506 dbm
360 446 444 504 abest
457 446 537 524 quod
552 465 683 518 avemus,
696 447 842 507 credimus
857 466 895 506 an
913 447 964 527 qul
984 460 1101 520 amant,
1117 451 1144 510 si
1158 450 1207 512 me
1219 468 1282 513 anas
1331 479 1333 515 l

199 544 401 622 inquit,oooto
419 544 489 602 num
504 542 590 603 adest
604 543 799 605 honoridem.
840 544 1043 606 Inhisautem
1059 546 1190 626 aliisque
1203 548 1282 609 simii-
1331 575 1333 611 1

198 641 255 698 bus
270 639 324 698 tria
338 649 408 698 suut
421 638 621 705 observanda:
638 657 788 717 nunquam
806 638 863 699 boc
883 640 943 700 fleri
958 641 1015 699 nisi
1037 641 1070 700 in
1091 645 1187 703 verbo
1201 663 1283 704 mono·
1332 651 1333 656 ’

198 734 332 813 syllabo;
356 733 436 813 quod
458 735 578 793 verbum
597 734 622 793 si
637 734 666 792 in
680 734 811 794 vocalem
835 734 905 806 exit,
927 746 1046 814 oportet
1068 738 1219 816 syllabam
1234 759 1283 799 esse

198 829 338 909 longam
353 831 445 890 ictum
457 830 583 908 denique
597 828 704 888 habere
715 829 744 887 in
760 829 854 907 prima
865 830 981 910 syllaba
995 835 1160 912 anapaesti.
1190 836 1284 894 Harum

198 943 268 984 vero
288 926 490 985 conditionum
511 926 677 1005 ignorantia
695 935 767 1004 quot
781 945 874 1005 nuper
893 929 1006 1007 peperit
1024 931 1170 990 errores?
1190 931 1286 992 dumet

198 1021 228 1079 in
249 1022 439 1103 polysyllabis
459 1024 567 1095 verbis,
590 1034 621 1082 et
642 1024 673 1082 in
697 1022 820 1103 syllabis
842 1023 989 1096 brevibus,
1009 1037 1043 1085 et
1057 1026 1088 1086 iu
1103 1027 1207 1089 aliena
1218 1026 1285 1098 sede,

198 1136 287 1196 posse
302 1119 362 1178 fiori
377 1118 433 1178 hoc
444 1120 662 1180 existimabant.
1283 1128 1286 1133 '

238 1216 336 1295 Atque
357 1215 501 1276 hactenus
525 1216 562 1276 de
586 1216 705 1275 lieentia
728 1214 914 1287 Terentiana,
935 1215 1032 1296 deque
1058 1218 1127 1297 ejus
1150 1219 1287 1305 limitibus,

199 1312 321 1372 modicis
337 1331 408 1372 saue
423 1312 482 1371 illis
496 1331 592 1391 neque
605 1312 818 1371 incommodis:
833 1313 951 1391 qualem
965 1312 1056 1374 bodie
1070 1315 1102 1373 in
1119 1318 1217 1395 politis
1230 1337 1286 1378 nos·

197 1407 322 1468 tratibus
342 1409 493 1488 patriaque
515 1408 618 1487 lingua
635 1408 780 1486 patienter
801 1407 931 1468 ferimus.
973 1407 1056 1476 Quin
1081 1421 1114 1471 et
1128 1414 1223 1472 ausim
1235 1413 1287 1493 pol·

196 1504 278 1565 liceri
293 1525 475 1585 sponsorque
488 1507 560 1579 lore,
581 1504 712 1584 quemvis
726 1503 955 1576 adolescentem,
978 1505 1114 1584 vulgaris
1129 1509 1220 1580 modo
1232 1527 1288 1588 pru·

197 1600 291 1661 sodiae
316 1611 346 1662 et
368 1602 542 1681 syllabarum
568 1601 740 1681 quantitatis
762 1600 929 1674 callentem,
957 1599 1037 1662 lectu
1061 1622 1126 1663 una
1151 1604 1288 1684 alteraque

197 1695 335 1756 editionis
347 1709 455 1757 nostrae
467 1717 565 1768 scena,
577 1718 631 1757 suo
643 1699 786 1757 Murteae
800 1697 863 1757 sine
876 1698 1019 1776 magistro
1032 1709 1133 1758 totum
1147 1700 1207 1760 boc
1220 1700 1288 1780 quod

197 1793 338 1869 quaeritur
358 1803 574 1872 percepturum.
615 1795 683 1862 Quo
704 1794 799 1873 magis
816 1794 931 1866 mirum,
951 1795 1100 1872 quosdam
1116 1806 1217 1856 cetera
1228 1797 1288 1857 doc·

196 1886 336 1958 tissimos,
352 1889 405 1948 sed
420 1890 450 1947 in
463 1889 509 1949 his
525 1891 611 1950 rebus
625 1888 713 1970 paulo
728 1892 973 1969 ὀψιμαθεστέρουε,
987 1900 1049 1949 tam
1064 1891 1226 1953 immodica
1235 1913 1288 1952 rer·

196 1984 300 2043 bomm
315 2003 423 2065 pompa
437 2006 468 2046 ss
484 1995 514 2047 et
528 2005 645 2065 operam
662 2005 746 2045 suam
760 1985 881 2045 efferre:
903 1985 989 2063 quasi
1002 1995 1095 2046 tautae
1118 1988 1207 2047 molis
1221 1998 1290 2048 esset

197 2077 360 2141 Romanam
377 2102 456 2143 nuuc
469 2083 629 2154 licentiam,
649 2093 770 2161 quantae
792 2082 859 2141 olim
883 2091 945 2140 erat
969 2093 1100 2159 gentem,
1116 2084 1288 2143 condidisse

197 2176 302 2255 Neque
316 2189 426 2249 tamen,
446 2179 470 2236 si
485 2178 543 2255 ipsi
557 2176 697 2236 audiendi
712 2188 791 2248 sunt,
812 2176 956 2237 immerito
971 2177 1159 2254 gloriantur:
1182 2198 1247 2239 cum
1258 2199 1288 2238 er

196 2290 297 2330 eorum
313 2273 458 2331 sententia
473 2273 544 2331 nihil
563 2292 621 2331 non
637 2272 783 2332 veteribus
799 2272 926 2332 comicis
942 2282 972 2331 et
985 2271 1102 2333 licuerit
1115 2284 1148 2334 et
1163 2275 1287 2335 libuerit:

195 2376 303 2425 uttam
318 2387 403 2445 vagae
417 2369 542 2428 licentiae
555 2368 662 2428 limites
676 2368 752 2427 ullos
773 2369 920 2447 posuisse,
941 2367 1061 2447 perinde
1075 2368 1116 2427 sit
1131 2375 1169 2429 ac
1184 2371 1289 2430 Sarma-

195 2471 243 2523 tas
262 2473 292 2522 et
307 2464 437 2524 Gelonos
460 2466 535 2523 iutra
556 2482 675 2541 campos
699 2483 769 2523 suos
791 2463 968 2523 oo‘e'rculsse.
1011 2463 1163 2524 Nimirum
1185 2466 1287 2525 hinnu

195 2559 274 2634 ipsos
288 2560 403 2634 po'e‘tas,
415 2577 474 2617 non
489 2569 581 2618 artem
594 2569 624 2618 et
632 2558 759 2638 rhythmi
774 2559 902 2637 genium,
915 2558 968 2618 sed
983 2557 1121 2618 librarios
1134 2562 1191 2621 sibi
1205 2562 1287 2622 duces

196 2664 335 2719 sumunt;
357 2664 387 2712 et
407 2664 452 2713 tot
474 2655 533 2714 fere
554 2655 736 2714 licentiarum
750 2655 865 2734 species
881 2655 935 2714 sibi
950 2657 1077 2733 lingunt,
1097 2668 1178 2734 quot
1191 2659 1221 2717 in
1234 2669 1288 2718 toto

196 2747 304 2809 Plauto
318 2749 513 2830 Terentioque
529 2752 641 2810 vitiosae
662 2751 803 2810 lectiones
827 2770 907 2810 nunc
929 2760 1061 2818 restant:
1083 2753 1199 2832 unique
1219 2755 1287 2828 loco,

197 2845 247 2923 qui
265 2846 468 2907 emendandus
490 2859 562 2920 erat,
583 2868 619 2906 es
640 2847 730 2908 altero
744 2865 829 2924 aeque
842 2845 987 2906 mendoso
1000 2849 1201 2925 patrocinium
1216 2871 1287 2930 quae·

195 2950 274 3001 runt.
326 2941 406 3010 Quid
422 2943 526 3002 mirum
540 2943 638 3022 igitur,
660 2943 694 3014 si,
717 2961 777 3020 quo
800 2942 893 3021 major
913 2941 949 3000 iis
970 2949 1031 3001 tam
1055 2942 1145 3004 falsae
1169 2948 1287 3006 metrice

195 3037 300 3096 notitia
314 3040 448 3111 accrevit,
468 3060 504 3100 eo
524 3041 554 3099 in
569 3040 644 3110 dies,
665 3049 698 3099 ut
716 3048 888 3117 queruntur,
909 3039 1004 3117 magis
1018 3038 1187 3102 decreverit
1199 3062 1287 3101 emeu-

195 3133 348 3194 dationum
364 3156 481 3195 suarum
496 3131 657 3197 numerus?
698 3133 787 3204 Illud,
811 3135 836 3194 si
859 3133 988 3206 dubitas,
1009 3134 1149 3213 exemplo
1170 3137 1226 3204 sit;
1246 3135 1286 3194 ubi

197 3228 296 3289 Plauti
321 3234 496 3292 auctoritate
520 3233 612 3310 pedes
635 3232 759 3292 creticos
784 3230 815 3289 in
836 3231 974 3290 trimetris
993 3231 1159 3292 asciscunt.
1202 3233 1286 3292 Locus

197 3323 435 3402 elegantissimus
449 3338 505 3398 est,
519 3327 697 3399 Trinummo,
710 3345 734 3386 1.
745 3329 775 3385 2.
788 3327 818 3386 in
830 3328 970 3397 urbanos,
981 3344 1057 3404 quos
1071 3337 1162 3386 vocat
1172 3347 1286 3396 scurras,

198 3467 201 3483 ²
279 3469 337 3536 Qui
357 3469 455 3529 omnia
470 3491 502 3530 se
517 3471 658 3530 simulant
671 3470 756 3544 scire,
776 3491 830 3532 nec
844 3469 1004 3550 quicquam
1019 3470 1137 3548 sciunt:

277 3566 365 3633 Quod
381 3566 506 3648 quisque
519 3569 548 3627 in
562 3569 659 3629 animo
674 3567 764 3630 babet
778 3579 829 3628 aut
842 3566 1019 3638 habiturust,
1034 3566 1157 3628 sciunt:

259 3664 389 3737 aSciimt,
404 3665 484 3743 quod
500 3665 529 3723 in
545 3685 643 3724 aurern
657 3663 708 3723 rex
722 3665 830 3743 regiuae
845 3661 968 3722 dixerit:

278 3762 392 3834 Sciunt,
408 3763 487 3842 quod
502 3763 581 3822 Juno
596 3760 755 3822 fabulatast
768 3760 835 3820 cum
851 3759 934 3818 Jove
950 3779 958 3818 τ

197 3932 198 3935 ¹
276 3859 352 3928 Quae
367 3878 462 3937 neque
477 3861 508 3917 su
525 3858 531 3936 Ι
549 3867 615 3916 tura
628 3878 723 3936 neque
743 3855 748 3938 Ι
765 3857 929 3915 factasunt
947 3852 951 3934 Ι
970 3863 1068 3912 tumen
1085 3852 1129 3912 illi
1145 3855 1252 3915 sciunt.

197 4003 281 4061 Duos
296 4003 354 4062 illic
368 4004 493 4063 creticos
508 3994 675 4079 agnoscunt
687 4011 717 4060 et
731 3999 888 4079 accipiunt,
898 3996 1083 4076 dactylorum
1094 3998 1209 4059 scillcet
1219 3999 1287 4057 vica·

195 4096 271 4156 rios:
293 4117 389 4176 neque
413 4098 470 4157 hoc
494 4095 636 4167 contenti,
659 4095 811 4157 innumera
831 4091 1000 4173 hujusmodi
1023 4103 1165 4171 portenta
1189 4094 1288 4156 Plauto
