2678 4702
119 273 187 340 296
491 288 524 336 r.
547 285 731 335 ruscum:
756 286 844 337 arar

121 431 325 500 Conveniam
348 430 573 516 Pamphilum,
594 451 637 496 ne
651 432 696 497 de
719 434 783 498 hac
799 431 950 519 reparer
974 435 1216 521 imprudentem

249 534 427 618 opprimat.

120 681 268 746 adimatque
278 684 391 746 odorum,
403 696 432 731 ee
442 687 510 745 poter
520 681 543 731 ei
553 681 622 742 injur
632 683 668 731 ret
678 683 763 744 ignem
774 685 935 748 representet.

593 810 762 832 emoueno

121 901 265 961 moenium,
273 916 302 950 ne
318 906 387 964 puter
397 902 522 964 opprimat.
549 903 714 965 Impruderter
724 902 814 954 Guelf.
826 907 849 954 1.
868 903 907 952 Ne
917 907 970 966 pot.
981 905 1013 953 de
1027 903 1074 953 lenc
1092 904 1215 968 impruden·

122 969 160 1014 ter
171 981 223 1028 opp.
236 966 357 1017 omittens
366 981 402 1030 re,
409 967 459 1016 uisi
469 981 516 1016 nos
527 964 673 1018 lallitPerl.

517 1165 827 1179 m

433 1344 585 1412 ACTUS
609 1348 638 1412 1.
671 1346 827 1413 SCENA
851 1348 915 1412 tv.

608 1515 733 1565 MYSlS.

120 1609 278 1692 Aunrvr,
294 1615 449 1693 Archilis,
460 1616 681 1700 jamdudum;
705 1617 862 1682 Lesbiam
877 1596 1002 1680 adduci
1012 1617 1132 1700 jubes.

120 1720 210 1783 Sane
225 1719 285 1799 pol
298 1718 357 1781 illa
373 1719 553 1782 temulenta
562 1719 604 1783 'st
619 1720 737 1783 mulier
751 1727 786 1784 et
799 1708 993 1782 temeraria:

119 1817 197 1883 Nee
213 1819 299 1881 satis
313 1818 426 1899 digna,
442 1820 496 1882 cui
511 1821 700 1884 committas
716 1821 825 1903 primo
840 1824 940 1903 partu
956 1819 1146 1884 mulierem.
1160 1835 1162 1838 ⁴

118 1912 250 1985 Tamen
265 1939 340 1984 eam
356 1919 530 1984 adducam.
574 1920 861 2003 Importunitatem
888 1926 1045 2002 spectate
1060 1920 1217 1999 aniculam

121 2021 215 2101 Quia
230 2023 419 2107 compotrix
433 2021 506 2106 ejus
520 2028 581 2086 est.
618 2024 675 2100 Di,
692 2022 769 2086 data
783 2021 988 2098 facultatem,
1003 2023 1163 2102 obsecro,
1200 2025 1220 2086 5

151 2195 252 2256 Audivi,
270 2210 283 2242 o
302 2194 435 2244 Arcbitlis!
450 2210 502 2258 quoe
519 2196 637 2259 precipis.
673 2195 819 2244 Jumdudum
835 2195 944 2245 Lesbium
964 2194 1121 2246 obstetricem
1138 2191 1219 2244 adduci

113 2260 191 2320 jutae.
224 2257 297 2320 Sene,
310 2274 354 2320 per
371 2260 499 2316 Pollucem,
518 2259 602 2307 mulier
619 2261 662 2308 itta
680 2254 747 2308 aeide
763 2261 844 2309 ninom
856 2264 891 2309 eat
902 2265 927 2308 et
937 2262 1085 2308 temeraria:
1103 2276 1146 2308 aee
1165 2259 1218 2309 satir

118 2326 203 2372 moneo
213 2326 256 2382 ert,
271 2323 310 2370 eui
329 2325 479 2372 committere.
490 2323 574 2372 debeas
584 2325 705 2374 mutierem
719 2324 796 2388 pm‘mo
806 2330 887 2385 partu,
904 2325 944 2385 qui
959 2325 1109 2386 periculosus
1119 2329 1170 2373 est:
1186 2329 1218 2371 tn·

118 2402 172 2447 men
182 2400 233 2435 eum
248 2387 371 2436 adducam.
404 2385 515 2450 spectate
532 2388 735 2451 importunitatem
753 2386 821 2448 brejas
839 2388 948 2437 uniculae.
981 2388 1104 2436 Arcbttlis
1123 2389 1219 2436 adeota-

119 2456 179 2516 rtet,
198 2457 224 2500 ut
236 2449 322 2500 Lesbia
340 2466 409 2514 quom
426 2452 473 2502 cito
491 2453 637 2502 adducatur:
653 2452 710 2516 quie
728 2467 781 2501 eum
800 2467 828 2502 ea
845 2457 977 2515 competere
987 2454 1057 2503 solet.
1094 2453 1150 2515 Dii,
1159 2455 1218 2513 dote,

153 2701 167 2748 1
185 2699 297 2748 Arebtlis.
313 2698 424 2748 Secutus
442 2715 497 2749 snm
516 2703 699 2752 auctoritatem
716 2703 819 2758 Faiirni,
834 2715 883 2766 per
902 2701 1007 2750 unietrm
1027 2703 1037 2750 t
1056 2700 1217 2751 scribendum

120 2764 347 2828 praecipientium:
356 2765 420 2814 Mss.
428 2779 574 2829 quenquam
583 2781 634 2816 non
642 2768 767 2818 omnibus.
775 2768 842 2816 Sunt
850 2767 928 2823 enirn,
936 2765 979 2814 nbi
989 2766 1047 2814 hare
1056 2766 1137 2814 litera
1146 2767 1217 2829 gerni·

119 2835 206 2878 natur.
223 2827 333 2877 lesbium
343 2829 510 2890 eddacijubes.
527 2831 691 2894 Goveenum,
700 2833 760 2880 dum
770 2832 845 2880 nimis
857 2831 976 2892 religiose
985 2844 1079 2878 versus
1088 2831 1217 2878 Terentia·

118 2906 166 2942 uon
178 2893 210 2942 ad
220 2894 297 2941 metri
308 2907 422 2942 normam
433 2894 559 2944 reducere
578 2905 725 2953 conaretur,
736 2897 905 2945 Latinitatem
928 2893 1086 2957 perdidisse,
1106 2893 1217 2954 legendo,

118 2960 181 3020 quod
196 2958 306 3007 Lesbium
316 2959 402 3007 adduci
412 2959 492 3022 jubes,
502 2959 596 3008 merito
615 2968 674 3022 post
696 2961 830 3009 Mnretum
849 2958 965 3020 queritur
974 2957 1102 3008 Sanctius
1114 2960 1216 3007 Minerr.

119 3037 165 3072 111.
189 3027 229 3072 14.
262 3022 364 3072 Fabrini
377 3024 475 3086 jungit,
490 3023 631 3082 jamdudum
649 3024 760 3073 Lesbiam
780 3026 836 3073 add.
858 3022 940 3071 West.
973 3021 1032 3071 Etsi
1050 3023 1079 3070 in
1103 3021 1214 3071 omnibns

119 3087 197 3137 codd.
209 3096 237 3138 et
248 3087 397 3136 Faiirnienis
414 3096 441 3136 et
457 3089 551 3137 uostris
563 3088 660 3150 legitur
671 3087 786 3144 Arebilir,
799 3096 886 3137 tumen
898 3087 931 3135 ob
945 3087 1096 3149 analogiam
1116 3089 1215 3149 Thesty-

118 3152 161 3214 lis,
171 3153 298 3216 Phidylis,
306 3153 427 3214 Erotylis,
439 3151 480 3200 bic
492 3167 593 3217 quoque
604 3153 715 3202 rescribe
721 3152 841 3216 Archylis.
858 3150 944 3213 Atque
957 3164 1005 3212 pro
1018 3153 1214 3213 praeteritosen·

119 3220 162 3264 su‘s
172 3217 288 3279 postulat
298 3217 386 3278 Audio,
397 3222 426 3265 nt
437 3215 483 3265 inf.
496 3217 562 3266 Hee.
574 3232 619 3267 111.
631 3223 655 3266 2.
668 3221 694 3264 1.
704 3219 776 3266 Beni.
791 3217 937 3265 Jamdudum
945 3215 1045 3263 dicitur
1057 3215 1093 3264 de
1105 3221 1214 3278 tempore

118 3294 169 3328 non
182 3281 259 3344 longe
270 3282 405 3344 preterito
418 3281 444 3329 in
456 3282 639 3331 Enn.1v.6.t5.
659 3282 667 3308 ‘
681 3283 737 3345 Ego
751 3281 905 3343 jamdudum
917 3278 959 3327 hie
975 3278 1087 3327 ndsum.¹
1122 3280 1175 3328 Cic.
1185 3277 1216 3342 de³

118 3343 225 3394 Amicit.
237 3361 261 3394 c.
273 3350 315 3397 22.
348 3346 414 3406 ‘Ea,
425 3360 500 3408 quam
508 3346 662 3407 jamdudum
679 3353 831 3403 tractamus,
848 3343 976 3392 staltilitas
985 3343 1133 3392 amicitiae!
1143 3345 1174 3392 R.
1186 3344 1211 3391 li.

118 3408 196 3456 Beut.
222 3412 323 3458 omniuo
342 3416 486 3473 sequnntur
504 3409 582 3458 Both.
599 3417 627 3458 et
642 3410 716 3458 Peri.
748 3409 863 3458 Arctitlis
882 3406 913 3457 Ζ.
946 3407 1008 3455 Non
1022 3407 1163 3471 distinguit
1174 3408 1211 3455 Br.

119 3479 179 3535 post
200 3473 325 3522 Ascle-2
352 3474 392 3522 Μ.
412 3487 463 3522 uon
487 3473 606 3536 agnoscit
622 3474 672 3522 illu.
697 3474 766 3535 Guy.
816 3475 899 3523 leem
917 3471 989 3534 legit.
1011 3470 1140 3520 Weet.-⁴
1156 3471 1213 3521 Con·

119 3542 206 3586 textus
221 3537 301 3597 jubet
322 3536 384 3586 illud
400 3538 514 3587 adducam
532 3538 627 3587 mutari
639 3539 665 3586 in
684 3538 784 3586 adduci.
810 3543 838 3585 ut
849 3538 881 3584 sit
893 3534 1018 3597 repetitio
1039 3534 1210 3585 antecedentis

116 3602 255 3651 ‘Lesbiam
273 3602 367 3650 adduci
378 3601 476 3664 jubes,'
488 3617 545 3651 eum
566 3602 756 3665 indignatione.
774 3603 847 3650 Bent.
880 3600 1004 3649 Adducam
1016 3605 1127 3648 tuentur
1146 3601 1176 3648 tt.
1184 3597 1210 3645 li.

122 3673 151 3718 et
168 3667 240 3716 Perl.
258 3667 302 3732 qui
319 3667 403 3715 adduci
420 3681 472 3717 nou
494 3674 568 3718 recte
588 3667 735 3730 conjectum
749 3670 882 3729 putat-5
902 3664 1004 3712 Obsecro
1025 3664 1129 3715 omittit
1143 3665 1208 3713 Er.-

611 3787 718 3855 norm

150 3901 242 3964 etet]
268 3899 322 3950 Per
346 3897 498 3950 Pollucem:
527 3900 646 3965 AEdepol,
686 3902 799 3963 hercule,
810 3915 852 3950 me
864 3899 993 3950 Hercules
1000 3899 1091 3962 Juvet.

118 3991 166 4039 per
189 3978 271 4027 eedem
294 3976 421 4026 Pollucis:
449 3976 578 4038 AEeastor,
600 3992 647 4040 per
732 3976 920 4043 emittente].1d
937 3979 987 4038 est,
1003 3975 1066 4024 vino
1083 3974 1208 4034 deditur

118 4050 201 4099 aedem
210 4053 340 4102 castoris:
352 4054 494 4108 Mceastor,
504 4067 546 4102 me
554 4054 648 4102 Castor
687 4040 874 4115 Temeto,viuo
891 4051 976 4114 prisea
993 4050 1093 4114 lingua.
1119 4050 1209 4102 Gellius

113 4125 206 4189 juvet:
225 4128 334 4193 Hercle,
350 4138 397 4191 per
414 4128 571 4180 Herculem:
590 4128 647 4177 Me·
687 4128 732 4179 lib.
745 4142 775 4179 x.
786 4142 844 4192 cap.
855 4131 897 4176 2³.
