2678 4702
323 315 363 362 ru
389 314 571 364 lunarem
598 314 804 365 ruonoous.
1047 298 1121 367 2²75.

96 463 165 534 unt,
180 477 246 533 uae,
261 458 541 540 intelligendo„ut
556 458 638 522 nibil
653 458 839 540 intelligant
850 468 872 538 3'
918 461 924 470 '

96 580 174 623 cum
185 559 271 623 hunc
287 566 460 637 accusant,
477 560 650 638 Naevium,
665 559 836 638 Plautum,
852 558 994 624 Ennium

96 666 207 740 rsant3
230 681 318 744 quos
333 662 387 725 hie
400 668 512 726 noster
525 667 678 726 auctores
693 661 815 726 habet:

96 782 160 824 rum
177 764 325 826 aemulari
340 769 482 849 exoptat
497 762 729 845 negligentiam

96 881 130 925 rs
145 882 248 944 quam
262 863 401 927 istorum
417 864 596 927 obscuram
610 862 827 943 diligentiam.

96 982 141 1026 nc
155 968 191 1026 ut
205 963 391 1046 quiescant,
406 983 505 1048 porro
519 982 653 1041 moneo,
667 970 702 1027 et
716 963 869 1028 desinant

96 1065 224 1142 edicere,
239 1065 421 1129 malefacta
434 1086 475 1130 ne
489 1072 631 1131 noscant
648 1085 722 1130 sua.

100 1265 156 1310 dum
168 1263 266 1310 nimium
278 1265 438 1326 intelligentes
447 1265 522 1314 uideri
533 1267 622 1322 uolunt,
632 1267 756 1314 ostendent
771 1279 796 1314 se
813 1265 874 1314 nibil
883 1265 1035 1326 intelligere:
1046 1278 1109 1324 num,

96 1342 128 1374 me
139 1327 239 1375 Pedium
250 1333 355 1376 nentrum
365 1329 547 1392 reprehendunt,
562 1329 634 1378 etium
653 1330 823 1392 reprehendunt
838 1328 946 1391 insignes
962 1330 1051 1379 Poetae
1061 1331 1113 1378 lat

96 1391 213 1450 blaciam,
224 1391 347 1453 Pontum,
362 1393 484 1449 Ennium:
499 1408 596 1456 qaenam
607 1394 773 1443 alletoritatem
786 1394 909 1443 Terentiae
918 1395 1043 1457 aequitum
1054 1406 1109 1455 qao*

96 1457 168 1502 uitari
186 1460 282 1516 exopta
300 1456 397 1504 liberum
412 1462 435 1503 et
454 1457 587 1516 negligenti
597 1457 697 1506 eimilnn
707 1458 734 1506 in
744 1457 907 1517 innumeranda
917 1473 1007 1518 aarum,
1021 1457 1110 1518 potiare

96 1523 184 1565 storum
194 1519 302 1566 seruilem
318 1524 342 1567 el
360 1518 495 1581 efflaturum
512 1521 537 1569 in
552 1521 678 1570 reddendis
693 1520 771 1569 uerbis
789 1537 892 1584 eperum,
908 1536 959 1584 pra
969 1521 1045 1570 nimio
1054 1521 1117 1569 dili·v

100 1581 228 1630 obscurum.
265 1582 351 1631 Verum
362 1584 566 1642 itinerantium
578 1585 731 1647 inposterum
748 1590 841 1636 luceant
860 1586 943 1648 quieti,
959 1591 981 1634 et
999 1587 1108 1635 desinunt

96 1661 152 1707 rere,
161 1660 189 1694 ne
200 1645 325 1706 rnuleseeta
333 1661 376 1695 suu
383 1648 480 1696 uideant
491 1646 618 1706 manifesto
629 1649 734 1698 mnibus
743 1650 811 1715 fieri.
850 1651 896 1700 Vos
906 1651 1007 1714 quidem,
1017 1654 1111 1715 rpente-

458 1788 609 1809 ΙΜΙΝΜ
612 1791 641 1810 Ν

96 1887 182 1948 iepbus
194 1885 311 1949 Scaliger
328 1886 361 1934 ad
380 1888 503 1950 Properl.
516 1902 554 1936 ιν.
567 1893 592 1936 2.
603 1892 643 1937 68.
660 1889 772 1951 legebat,
791 1890 904 1950 Faciunt,
915 1904 945 1938 ne
956 1890 1108 1951 intelligendo

96 1951 258 2012 lintelligunt.
292 1952 374 2002 Quasi
386 1952 444 2001 duae
464 1953 592 2009 negativae
613 1951 689 2000 unius
708 1955 791 2002 vicem
811 1955 965 2002 sustineant.
999 1954 1111 2002 Durius·

96 2015 104 2062 i
117 2015 178 2076 quid
190 2015 275 2063 video.
308 2016 446 2065 Turnebus
458 2015 546 2063 mallet
558 2015 752 2077 interrogative,
766 2016 899 2064 Faciuntne
908 2016 1070 2077 intelligendu,
1078 2020 1109 2064 et

96 2075 241 2139 nielligunt?
274 2079 332 2130 Quo
352 2079 427 2128 nrodo
442 2086 528 2127 tamen
551 2079 639 2141 plnres
656 2079 710 2141 jam
732 2079 827 2127 dudnnr
848 2085 909 2128 aute
927 2093 984 2126 eum
1004 2079 1108 2140 legisse,

101 2142 235 2192 Juvenalis
247 2150 339 2192 auctor
351 2150 400 2191 est.
434 2143 504 2194 Quin
520 2142 577 2205 jum
598 2143 696 2192 Donati
709 2142 839 2191 aetateita
855 2157 871 2191 a
887 2141 1039 2205 quibusdam
1054 2143 1108 2192 lec·

99 2207 206 2254 almario
216 2214 367 2268 argumento
381 2206 462 2255 utitur
471 2205 619 2266 Turnebus,
631 2208 699 2270 quod
710 2205 739 2254 rb
750 2211 820 2266 ΝΑΕ,
832 2205 972 2255 formatum
984 2221 998 2254 e
1010 2205 1108 2255 Graeco

96 2277 106 2317 t
117 2268 172 2318 fere
184 2272 290 2321 initiale.
324 2271 488 2319 Contrarium
499 2277 585 2319 antem
596 2277 636 2319 est
649 2273 689 2320 vel
704 2271 799 2320 Heaut.
811 2284 838 2320 v.
850 2274 874 2319 1.
886 2275 928 2319 db.
942 2269 1007 2333 ‘Aa
1017 2285 1068 2332 nae,
1078 2270 1109 2318 il-

96 2335 128 2382 ud
141 2334 259 2394 inultum,
280 2335 301 2382 si
322 2334 389 2396 vivo,
407 2333 511 2384 ferent!
544 2335 609 2383 Cum
628 2335 751 2385 Turnebo
771 2340 858 2384 tamen
876 2334 999 2383 videatur
1021 2333 1108 2384 faeere

97 2432 104 2447 .
116 2398 202 2446 Faber
210 2406 238 2447 et
250 2399 384 2447 Dacieria.
418 2398 530 2447 Gravior
542 2405 627 2447 autem
638 2398 688 2447 erit
700 2399 838 2454 sententie,
851 2398 871 2446 si
882 2398 963 2460 leges,
981 2405 1010 2447 ut
1026 2399 1107 2461 edidi,

97 2464 176 2510 estin
199 2463 329 2526 vulgatis!
351 2463 427 2512 West.
460 2462 512 2510 Sed
532 2470 561 2511 et
580 2463 623 2510 Fr.
639 2462 758 2511 Sanctius
779 2461 882 2510 videtur
896 2462 989 2525 legisse
1007 2476 1046 2511 ne.
1080 2462 1108 2511 Is

96 2539 153 2574 ronc
165 2527 182 2575 l.
196 2528 336 2587 respiciens
349 2526 440 2574 scribit
458 2526 572 2575 illinere.
584 2540 614 2576 rr.
627 2530 665 2575 19.
681 2527 739 2577 init.
769 2526 894 2589 ‘Rogabo
911 2540 959 2588 ego
978 2527 1044 2586 illos,
1061 2541 1109 2576 cur

100 2595 170 2637 artes
183 2589 353 2653 confundere,
364 2598 391 2638 et
404 2589 491 2639 facere
502 2597 532 2638 ut
544 2605 575 2639 ne
587 2591 757 2654 intelligendo
768 2592 831 2639 nihil
844 2590 992 2652 intelligant
1000 2589 1016 2638 ἰ*
1030 2591 1071 2641 lu.
1080 2591 1108 2640 itu

105 2655 153 2701 Noe
164 2653 226 2702 ferri
246 2662 343 2716 potest.
378 2655 468 2703 Nostri
487 2654 551 2705 libb.
565 2668 652 2703 omues
669 2655 718 2716 [sc.
731 2654 755 2704 Α
767 2656 789 2703 Β
802 2655 823 2703 C
835 2654 886 2704 Go.
898 2659 922 2704 l.
933 2660 959 2704 2.
977 2654 1038 2704 Hel.
1071 2655 1108 2704 Et

96 2718 1108 2846 uuillielmi-'llltl‘rlllellmlll'llllelllll‘*

96 2845 150 2894 ibuit
161 2847 272 2898 lta-ao
291 2847 312 2896 C
322 2853 423 2910 apertat,
434 2847 501 2895 baud
513 2847 589 2896 male.
606 2847 745 2898 Boin—er
764 2848 825 2900 Par.
834 2852 958 2910 pnmscut
969 2847 999 2896 ie.
1028 2847 1107 2895 Dam-

500 2981 606 3033 NOTAE

96 3078 321 3143 uejnragentium
334 3076 476 3128 rebantur!
491 3077 536 3126 Sic
578 3079 698 3142 Ingenua
721 3078 831 3128 inritatio
854 3083 904 3138 est,
929 3076 1032 3142 quaudo
1054 3090 1107 3125 uon

96 3168 126 3201 us
150 3154 212 3202 vitio
232 3154 322 3218 dabat,
349 3154 418 3219 quod
440 3155 537 3203 Teren·
576 3154 684 3203 verbnm
709 3154 790 3202 verbo
816 3154 963 3214 reddimus;
992 3153 1038 3202 sed
1068 3153 1106 3202 sic

96 3229 252 3279 nutuebatur
276 3244 309 3278 ex
335 3230 479 3279 Menandro
504 3244 537 3278 ea
577 3229 662 3279 aliena
673 3236 824 3291 tractemus,
843 3236 873 3278 ut
888 3243 939 3278 oon
950 3244 998 3292 pro
1017 3229 1107 3280 alienis

96 3323 105 3356 1
126 3324 180 3358 rem
201 3325 272 3358 suam
292 3309 436 3373 faciebant,
455 3317 536 3361 etex
574 3305 729 3367 habeantur,
740 3307 785 3355 sed
801 3312 973 3370 agnoscantur
985 3321 1030 3369 pro
1048 3321 1108 3356 nos·

103 3385 241 3434 Comoediis
252 3400 328 3436 unam
339 3385 448 3436 faceret.
576 3382 636 3431 tris:
654 3383 724 3432 unde
740 3383 864 3432 Horatius
885 3383 912 3431 in
930 3381 1011 3432 Arte:
1028 3383 1106 3443 ‘Nee

96 3457 193 3517 ineram
214 3463 322 3512 ampuri
342 3469 440 3527 exoplat
460 3463 536 3525 negli-
574 3457 681 3507 uerbum
698 3458 780 3508 verbo
796 3458 897 3509 curabis
913 3458 1024 3508 reddere
1040 3458 1107 3508 lidos

96 3536 120 3598 n]
148 3537 272 3586 Imitandi
294 3539 383 3587 modus
407 3539 470 3588 alius
495 3547 536 3590 ert
575 3532 728 3596 interpres?
761 3533 1030 3595 subaudiendumot.
1047 3536 1107 3586 Quo

96 3627 114 3675 r,
129 3612 194 3660 alins
209 3627 271 3662 vero
287 3614 421 3675 ingenuus.
449 3614 535 3665 Servi·
575 3609 633 3658 ioco
645 3623 695 3658 non
714 3616 794 3672 negat
812 3609 857 3658 fidi
874 3625 932 3660 esse
949 3610 1106 3674 interpreus

96 3703 99 3733 ι
117 3693 167 3749 est,
183 3703 241 3737 cum
261 3687 333 3752 qnasi
351 3678 536 3750 superstitione
576 3680 682 3733 verbum
706 3687 785 3735 verbo
803 3686 930 3735 reddere:
959 3686 1004 3735 sed
1026 3692 1106 3748 negat

96 3778 115 3811 u
127 3764 159 3812 ab
172 3778 213 3824 eo,
231 3779 306 3828 qoem
325 3764 476 3812 imitandum
489 3777 535 3812 no·
575 3760 634 3810 boni
647 3761 789 3811 Imitatoris
802 3777 859 3811 esse
868 3763 894 3811 id
904 3761 1000 3824 facere,
1009 3769 1038 3809 ut
1051 3761 1106 3808 vult

96 3840 261 3902 reposuimus,
294 3853 327 3888 ne
359 3847 534 3889 transversum
574 3853 678 3903 qnoque
691 3839 791 3888 Seneca
803 3839 887 3904 Epist.
899 3851 1008 3889 rmxxu.
1029 3835 1105 3887 Simi-

96 3915 228 3975 ndigitnm
245 3915 381 3965 discedere
394 3917 533 3966 audemus:
574 3916 606 3964 lis
625 3915 705 3965 debet
723 3930 778 3964 esse
795 3916 919 3976 imitator,
932 3913 1061 3976 quomodo
1077 3910 1108 3962 fi·-

96 3990 536 4054 iHoratinsait:‘Olmitatores,
574 3992 638 4053 lins;
669 4006 720 4041 non
747 3993 871 4055 quomodo
899 3990 993 4052 imago.
1023 3989 1103 4040 Certe

96 4080 104 4114 e
121 4069 214 4128 pecus!
234 4073 264 4114 ut
280 4067 342 4115 mibi
360 4067 535 4130 saepeBilem‚
575 4083 664 4132 operae
684 4066 796 4130 pretinm
816 4065 867 4114 erit
882 4063 947 4114 banc
968 4065 1105 4128 epistolum
1202 4079 1212 4095 ·

96 4156 172 4192 ocum
185 4143 265 4191 vestri
274 4157 378 4193 movere
388 4142 536 4193 tumultusl’
575 4144 721 4209 perlegere.
750 4141 848 4191 Eadem
858 4141 939 4190 sentit
947 4141 1094 4215 Terentius.
