2678 4702
347 317 396 365 ns
414 317 559 366 narnis
581 316 849 366 russurrnurs.
1081 302 1145 368 251
1214 335 1217 341 ·

40 478 104 521 auo
118 458 287 537 assignant,
299 469 396 536 pauca
410 457 498 517 etiam
511 457 658 517 Terentio.
690 458 765 518 .Nos
780 477 875 537 pauca
889 457 939 517 illa
946 457 1009 538 jam
1023 457 1147 538 ejuravi-

43 549 136 622 mus3
159 554 198 613 de
220 553 379 613 innumeris
403 553 473 612 olim
496 553 624 612 fortasse
646 553 805 613 curabitur.
857 554 985 625 Interea,
1005 554 1076 632 quid
1100 555 1147 615 bic

45 650 151 713 Plauti
163 651 248 710 locus
263 651 318 710 sibi
331 648 474 728 postulet,
488 650 657 718 videamus;

45 752 55 883 ἶ
71 852 74 857 ,
100 860 102 863 ,
132 787 210 856 Quoe
224 784 438 866 aequaturum
452 787 596 866 neoforto
609 794 690 860 sunt,
710 796 810 847 tamen
824 786 867 847 illi
879 787 986 849 sciunt.

47 917 111 1001 ilic
124 916 195 977 duae
210 916 309 996 longa
323 917 535 996 corripiuntur;
557 915 617 976 duo
631 916 733 976 cretici
745 916 876 989 veniunt,
897 937 957 996 quo
971 938 1008 977 ne
1023 917 1151 1000 dactylis

47 1012 186 1094 quidem,
207 1014 233 1073 si
253 1033 352 1074 aurem
374 1013 528 1088 habemus,
550 1013 648 1073 venire
669 1013 715 1072 fas
736 1023 794 1074 est.
836 1013 939 1074 Hosne
960 1034 1097 1086 numeros
1115 1027 1151 1076 ut

48 1110 241 1172 laudaverint
254 1108 396 1170 Pisonum
411 1110 532 1189 proavil
551 1109 616 1189 quis
630 1109 784 1171 comoedns
798 1120 890 1181 actor,
903 1130 941 1168 ne
954 1111 1017 1189 ipse
1031 1111 1151 1190 quidem

13 1264 17 1269 .
50 1206 162 1293 l'ellio,
183 1207 230 1267 vel
244 1207 339 1287 pretio
352 1207 477 1269 voluerit
491 1225 608 1275 emere;
628 1208 678 1268 rel
698 1206 843 1266 blaterare
864 1206 929 1265 hoec
944 1205 982 1266 ad
997 1206 1099 1266 tibiam
1120 1208 1151 1267 in

50 1322 148 1369 scena
160 1322 251 1362 ausus
265 1301 375 1363 fueriti
396 1322 456 1362 non
479 1323 549 1362 suas
569 1303 668 1382 potius
683 1301 739 1362 sibi
752 1322 797 1362 res
811 1303 929 1382 poetam
942 1302 1031 1362 talem
1044 1303 1152 1363 habere

45 1398 197 1487 jusserit?
217 1399 250 1456 Si
263 1397 416 1460 licentiarii
432 1398 526 1458 nostri
540 1398 578 1459 de
592 1399 799 1459 emendatione
814 1398 1026 1478 desperarunt;
1047 1397 1152 1458 huma·

10 1570 13 1579 ³
51 1495 121 1579 nius
137 1505 237 1556 tamen
251 1507 324 1568 erat,
345 1495 384 1555 de
407 1496 514 1556 mendo
538 1497 636 1577 potius
658 1495 799 1567 confiteri,
820 1513 909 1573 quam
925 1495 1043 1572 poetam
1056 1494 1154 1573 ipsum

10 1592 20 1659 ,’
51 1591 249 1673 proscribere.
291 1590 369 1650 Vide
382 1601 492 1664 tamen,
512 1610 601 1671 quam
614 1590 708 1650 facilis
723 1610 759 1651 ea
773 1611 809 1650 ue
823 1590 1021 1670 quarentibus
1035 1589 1154 1670 quidem

51 1706 87 1751 se
101 1685 220 1748 offerat.
257 1684 341 1746 Tolle
355 1686 430 1747 illud
435 1687 525 1766 foeta
533 1708 546 1756 ,·
558 1698 590 1748 et
604 1687 775 1761 trimetrum,
789 1685 893 1767 quales
906 1685 955 1745 hic
968 1687 1059 1747 ceteri
1072 1695 1154 1757 sunt,

54 1782 300 1857 rotundissimum
314 1782 427 1842 habes:
1195 1785 1197 1789 ’

53 1938 60 1946 ·
139 1909 217 1978 Quae
231 1907 329 1988 neque
342 1909 451 1983 futura,
465 1909 562 1989 neque
577 1921 658 1983 sunt,
677 1921 775 1971 tamen
790 1909 833 1970 illl
848 1911 956 1972 sciunt.

56 2014 139 2103 ‘trum
153 2042 185 2091 et
196 2030 254 2090 hoc
269 2049 374 2090 sensus
389 2029 464 2109 ipse,
485 2050 546 2090 non
560 2041 684 2091 metrum
700 2029 805 2101 solum,
823 2031 985 2108 efflagitat:
1007 2049 1076 2090 nam
1088 2051 1157 2110 qnoe

57 2130 169 2199 tunna,
191 2141 222 2186 et
243 2146 309 2205 quae
332 2134 411 2196 sunt,
432 2125 462 2186 in
485 2124 590 2186 eodem
604 2145 711 2206 genere
727 2134 797 2185 sunt
810 2123 964 2203 opposita:
986 2144 1044 2184 non
1059 2125 1157 2186 futura

56 2216 90 2286 'et
100 2225 194 2285 facta.
236 2223 268 2281 Si
279 2221 354 2282 illud
366 2229 375 2258 ‘
384 2222 464 2282 facta
479 2221 557 2281 suut'
571 2243 589 2282 a
602 2224 691 2305 polita
704 2229 793 2294 essct,
813 2220 936 2281 dixisset
957 2221 1068 2300 utique,
1089 2243 1158 2302 quae

57 2315 157 2399 'neque
171 2319 245 2378 fient
258 2337 354 2395 neque
367 2319 447 2378 lacta
461 2325 530 2377 sunt
542 2306 555 2386 3⁴
573 2328 663 2397 atque
687 2316 807 2395 insuper
831 2316 869 2376 de
890 2316 1006 2377 duobus
1026 2319 1158 2399 peccatis

59 2411 153 2478 unum
171 2413 302 2475 lucratus
316 2425 407 2474 esset.
1115 2406 1117 2411 ’

425 2594 503 2653 ARS
531 2591 805 2652 TERENTIANA.

104 2731 296 2820 Restatjam,
310 2739 344 2791 ut
358 2729 395 2790 de
410 2740 472 2789 arte
486 2731 673 2804 Terentiana,
684 2750 752 2809 quae
763 2739 916 2809 tantopere
930 2729 999 2789 olim
1012 2728 1161 2814 celebrata

64 2835 120 2918 ¹est,
134 2826 421 2911 paucapdelibemus.
463 2826 614 2898 Horatius,
629 2827 724 2905 Epist.
740 2845 780 2885 11.
798 2829 825 2885 l.

186 2955 354 3033 Ambigitur
368 2953 504 3034 quotiens
518 2963 584 3013 uter
596 2963 663 3012 utro
677 2953 716 3012 sit
729 2955 821 3031 prior;
844 2952 939 3011 aufert

162 3102 164 3106 .
180 3050 337 3110 *Pacuvius
352 3050 432 3111 docti
446 3050 554 3109 famam
569 3048 659 3119 senis,
673 3049 784 3108 Accius
799 3049 871 3107 alti:

190 3145 307 3206 Dicitur
320 3147 425 3206 Afrani
438 3156 510 3225 toga
523 3146 696 3205 convenisse
712 3142 899 3202 Menandro:

189 3239 317 3300 Plautus
330 3241 366 3299 ad
383 3241 549 3319 exemplum
563 3239 653 3299 Siculi
665 3257 822 3318 properare
835 3235 1020 3315 Epicharmi:

186 3335 312 3396 Vincere
327 3338 466 3397 Caecilius
481 3335 634 3415 gravitate,
648 3337 840 3395 Tunnrrrrus
852 3351 950 3392 auru.

72 3460 128 3521 Ubi
142 3461 267 3523 dubium
281 3473 337 3534 est,
352 3474 482 3525 artemne
496 3461 647 3526 metricam
661 3465 742 3538 velit,
757 3484 795 3524 an
809 3463 963 3524 comicam.
1006 3461 1167 3541 Utramque

72 3559 194 3636 opinor;
216 3559 329 3618 namin
345 3571 469 3640 utraque
483 3560 571 3622 laude
587 3561 707 3634 Noster,
723 3573 783 3621 tam
799 3579 934 3620 versuum
949 3558 1168 3628 concinnitatis,

71 3672 160 3730 quam
174 3653 282 3715 lucidoe
296 3675 391 3715 rerum
406 3655 617 3736 dispositionis,
638 3658 747 3738 primas
761 3657 890 3716 tenebat.

109 3748 192 3808 Illud
207 3750 322 3809 sanein
337 3751 440 3830 lingna
464 3751 568 3810 Latina
589 3753 728 3824 notabile,
749 3771 786 3811 ne
809 3770 899 3811 unum
914 3749 1034 3829 quidem
1047 3747 1168 3804 verbum

73 3857 179 3923 praeter
192 3847 397 3926 monosyllaba
412 3859 514 3907 tonum
527 3848 557 3906 iu
572 3848 676 3906 ultima
690 3847 839 3907 habuisse.
883 3845 990 3925 Deum,
1004 3841 1103 3920 igitur,
1125 3839 1168 3899 vl·

74 3961 148 4014 rum,
163 3940 271 4013 meum,
286 3943 381 4013 tirum,
403 3945 498 4022 priore
513 3944 581 4003 licet
594 3944 673 4004 brevi
688 3944 926 4023 pronuntiabant,
948 3954 1099 4015 nunquam
1113 3935 1169 3995 nisi

76 4037 215 4108 inversu,
236 4036 344 4109 Delum,
367 4038 470 4108 virum,
494 4040 602 4113 melum,
625 4039 719 4098 tuum.
761 4036 972 4104 Quintilianus,
988 4031 1090 4107 lustit,
1099 4050 1122 4090 1.
1138 4031 1168 4087 5.

10 4214 12 4219 Ι
77 4138 85 4166 ⁸
97 4132 152 4192 Est
163 4143 261 4192 autem
276 4131 305 4191 in
319 4134 398 4194 omni
411 4152 484 4194 voce
497 4134 597 4213 utique
607 4144 695 4195 acuta
707 4132 831 4213 syllaba,
843 4149 899 4189 nec
910 4127 1014 4188 ultima
1024 4145 1169 4207 unquam:
