2678 4702
580 307 815 358 rntncrsoun
839 306 943 357 nnus

293 455 370 513 iores
547 449 616 509 viris
741 449 812 508 hero
906 447 988 507 dabit
1120 446 1224 508 sedens
1312 449 1331 506 b

291 547 371 606 ldem
549 545 635 604 bonis
742 543 845 602 herum
906 542 970 601 dari
1118 553 1184 602 erat
1313 543 1331 602 ι’

293 641 350 699 levi
550 639 644 697 bonas
744 655 835 696 senex
903 635 985 696 dolet
1117 646 1203 702 erant
1313 660 1331 716 p

293 753 411 793 manum
552 734 646 793 bonos
746 751 828 792 soror
907 732 997 791 habet
1120 734 1178 792 erit

291 828 509 908 manussplur.)
548 827 633 886 malis
745 845 817 887 uxor
904 825 1017 887 habent
1118 828 1197 888 foret
1316 849 1331 885 u

293 926 381 983 miser
549 923 642 982 malos
749 921 797 980 abi
908 921 1006 981 solent
1122 923 1207 983 abest
1317 944 1331 981 r.

292 1020 386 1078 minas
552 1016 631 1077 domi
748 1016 842 1075 cave⁶
906 1016 1009 1076 studet
1111 1029 1208 1095 potes

291 1113 381 1173 modo
549 1111 637 1170 domo
747 1129 833 1170 mane
908 1109 1028 1171 student
1121 1121 1223 1190 potest

292 1207 384 1267 aves⁵
549 1204 668 1264 domum
747 1221 825 1281 nega
903 1213 984 1263 tacet
1120 1205 1209 1264 velim

291 1321 363 1362 oves
412 1336 415 1345 ·
547 1319 620 1378 puer
748 1318 821 1377 roga
905 1308 987 1358 taces
1122 1300 1197 1360 velis

291 1398 382 1457 boves
549 1404 633 1474 pater
750 1403 816 1452 tace
908 1403 1009 1454 tacens
1125 1393 1219 1453 velint

292 1511 378 1552 novoe
547 1490 639 1568 patris
750 1489 816 1548 vide
904 1487 987 1548 vides
1124 1489 1228 1548 volunt

293 1606 371 1645 novo
551 1584 627 1664 patri
753 1591 833 1641 amat
906 1581 994 1642 viden
1123 1585 1209 1643 lubet

292 1697 401 1737 norum
551 1677 640 1735 herus
753 1674 823 1735 dedi
909 1677 990 1736 videt
1125 1677 1198 1737 licet

295 1773 372 1832 dolis
553 1771 616 1828 beri
753 1770 837 1830 dedit
910 1771 1016 1831 lubens

253 1922 376 1993 Quarto,
391 1921 421 1981 in
435 1918 628 2001 polysyllabis
643 1921 826 2001 compositis,
851 1922 876 1981 si
890 1920 984 2000 prima
999 1920 1118 2001 syllaba
1132 1941 1293 2004 componens

211 2018 308 2079 brevis
324 2027 371 2078 est
385 2027 468 2076 extra
481 2015 734 2092 compositionem,
748 2015 779 2073 in
793 2016 1004 2094 compositione
1016 2035 1137 2094 quoque
1151 2019 1294 2098 saepissime

212 2114 316 2192 corripi
341 2112 444 2182 solere,
471 2109 565 2187 (quod
592 2108 630 2169 de
654 2110 864 2188 monosyllabis
879 2109 960 2188 prius
984 2111 1150 2185 observavi,
1175 2115 1294 2192 quodque

211 2208 290 2267 valet
304 2206 393 2264 etiam
407 2205 438 2261 in
451 2203 620 2279 compositis
629 2202 679 2275 ab,
692 2213 771 2276 ante,
785 2214 815 2263 et
828 2203 927 2278 inter,)
936 2206 1071 2284 exempla
1083 2206 1164 2281 haec,
1179 2230 1216 2270 ne
1228 2209 1295 2289 plura

213 2318 380 2379 congeram,
395 2297 567 2358 ostendunt.

291 2443 412 2504 advenis
553 2460 671 2502 arcesso
807 2443 929 2503 interest
1061 2446 1250 2526 indiligenter

290 2537 407 2597 abduco
549 2546 695 2615 cognatus
804 2539 1007 2597 interminatus
1061 2541 1217 2620 ingenium

291 2631 420 2691 absurde
551 2627 703 2709 colloquor
803 2634 928 2711 ignarus
1060 2637 1179 2717 integer

292 2724 396 2784 adsitis
552 2725 738 2784 commodare
807 2727 911 2805 ignoro
1061 2730 1176 2791 invidia

290 2819 413 2879 advenis
426 2821 532 2896 (verb.)
551 2817 655 2879 incedo
806 2820 935 2900 impingo
1062 2823 1190 2885 inveniri
1207 2839 1209 2843 ’

290 2915 394 2974 affines
549 2914 668 2991 incepto
805 2915 939 2994 intelligo
1062 2919 1183 2980 oblecto

290 3003 399 3068 ancilla
550 3008 677 3068 incertus
804 3011 925 3088 impero¹
1062 3015 1189 3075 obsecro

194 3124 197 3131 ·
291 3102 417 3165 antehac
549 3102 686 3180 indignus
805 3099 957 3184 imperium
1061 3111 1200 3168 occultus

289 3201 427 3277 antiquus
549 3199 664 3258 interim
805 3199 974 3278 imprudens
1061 3202 1201 3263 ostendo.

252 3342 374 3414 Quinto,
396 3360 462 3417 quos
477 3350 621 3400 acuuntur
645 3341 674 3398 in
690 3343 774 3399 tertia
800 3345 837 3400 ab
862 3353 1003 3415 extrema,
1023 3345 1175 3406 interdum
1191 3357 1294 3407 acutam

210 3436 380 3515 corripiunt,
396 3437 420 3494 si
432 3436 576 3514 positione
592 3437 656 3494 sola
669 3436 760 3515 longa
774 3439 842 3511 sint,
856 3447 900 3510 ut,
915 3439 1033 3517 optime,
1056 3438 1193 3512 servitus,
1206 3463 1295 3521 perve-

209 3533 271 3603 lim,
285 3526 466 3609 Pamphilus,
481 3540 510 3591 et
521 3550 617 3610 pauca
630 3530 697 3602 alia,
717 3552 777 3610 quo
791 3535 890 3594 cretici
904 3546 1056 3594 mutantur
1069 3535 1101 3593 in
1124 3550 1295 3617 anapaestos.

211 3630 293 3695 idem
307 3628 417 3687 factum
433 3637 479 3686 est
493 3627 534 3698 in,
548 3627 728 3703 neutiquam,
740 3629 810 3689 licet
822 3630 944 3709 incipiat
958 3650 976 3690 a
989 3630 1196 3712 diphthongo:
1217 3618 1296 3693 inter·

243 3853 350 3917 5Aoes]
373 3854 398 3901 V
415 3853 451 3914 in,
469 3866 540 3915 aves,
560 3860 586 3904 et
605 3854 736 3920 similibus,
809 3863 826 3908 6
843 3859 917 3922 Gens]
934 3859 1087 3922 In,caveto‚
1098 3863 1191 3922 etism,
1200 3869 1296 3928 negato,

209 3931 314 3981 videtur
334 3933 361 3982 in
384 3931 498 3985 vocalem
521 3932 595 3996 verti,
613 3938 641 3980 et
659 3947 736 3981 voces
775 3942 803 3983 st
821 3941 914 3999 regno
933 3936 1045 3987 Plautus
1066 3941 1209 3990 secundam
1226 3939 1296 3990 corri-

209 4006 318 4067 pro‘mds
337 4022 385 4073 pro
405 4008 585 4073 monosyllabis
604 4009 733 4060 habendas
775 4010 822 4073 pit.

211 4092 277 4131 ⁸⁸80·
