2678 4702
186 301 256 370 484
563 316 594 363 e.
617 313 801 364 russurrr
826 315 914 368 Arsi

186 458 258 527 en.
282 455 438 524 Concede
458 430 549 521 istuo
571 455 770 542 paululum:
797 457 933 525 eudin'l
956 413 1157 528 etiamnunc
1181 466 1288 549 paulu·-

400 581 408 624 :
493 578 556 624 es.
1005 610 1009 615 .

191 561 568 732 Dicdunlrulilticrstirtsuntr:
586 663 828 730 Chaereamam
840 673 969 731 vestem
980 667 1133 733 detraxit
1143 670 1227 734 tibil
1250 671 1286 736 lo

191 770 263 836 Do.
286 767 438 832 Factum.
473 765 542 830 ΡΗ.
569 766 901 833 Eteaestindutusl
942 769 1011 834 Do.
1035 770 1191 836 Factum.
1225 773 1285 836 Pe.

319 868 364 933 Et
378 889 442 953 pro
456 875 490 933 te
504 868 567 934 huc
583 869 745 935 deductus
761 871 839 934 esti
886 872 954 936 Do.
978 872 1046 938 Ita.

189 970 261 1036 Pe.
281 969 419 1056 Jupiter
434 972 574 1053 magne!
590 991 611 1035 o
629 972 805 1041 scelestum
818 979 919 1056 utque
930 972 1097 1038 audacem
1111 974 1284 1040 hominem!

166 1131 169 1136 .
322 1074 392 1138 PY.
421 1073 485 1138 Vae
500 1073 599 1138 mihil

182 1144 389 1242 ⁴Etirsmnuno
404 1195 469 1241 non
485 1176 606 1253 credis,
623 1175 768 1258 indignis
782 1195 845 1240 nos
860 1195 935 1241 esse
948 1177 1067 1242 irrisas
1082 1181 1216 1245 modist

192 1277 261 1343 ΡΗ.
285 1278 409 1343 Mirum
424 1280 510 1343 nitu
526 1279 649 1358 eredis,
665 1279 756 1363 quod
769 1280 834 1343 iste
845 1279 947 1345 dicit:
965 1281 1050 1363 quid
1062 1300 1163 1362 agam
1174 1283 1285 1348 nescio.

192 1381 312 1448 Heus!
328 1387 449 1464 negato
463 1401 604 1448 rursum.
649 1381 841 1448 Possumne
864 1402 925 1465 ego
937 1382 1040 1447 hodie
1054 1402 1103 1448 ex
1118 1391 1152 1450 te
1165 1387 1288 1450 exscul-

322 1501 401 1566 pere
1251 1489 1288 1551 45

193 1656 547 1721 υοτο,εκιάιὴνσρωι1ιιίιυη.
570 1658 691 1708 Aedone?
708 1659 780 1707 Nunc
789 1659 861 1709 etium
870 1659 999 1721 mutuum.
1028 1658 1153 1707 Sotisest.
1177 1658 1288 1721 &moris

191 1721 357 1771 niliilertsm.
392 1724 598 1771 Clloereunetssnm
612 1727 699 1771 vestem
714 1723 820 1772 detraxit
831 1721 898 1774 titii
930 1724 985 1772 Do.
1002 1723 1155 1772 factumest
1165 1723 1209 1773 itu.
1240 1723 1289 1777 Pr,

193 1783 229 1832 Et
239 1799 290 1833 eum
299 1785 397 1838 mittit?
429 1787 482 1836 Do.
502 1787 610 1848 Fretum,
620 1789 724 1849 inquom.
758 1788 810 1838 ΡΑ.
829 1787 863 1836 Et
872 1803 915 1850 pro
924 1792 948 1836 te
958 1790 989 1836 ud
998 1788 1115 1837 Tlioidem
1125 1789 1237 1836 deductus
1246 1791 1289 1836 esll

191 1847 248 1899 Do.
266 1848 356 1898 Elium.
388 1850 442 1900 ΡΗ.
459 1851 526 1900 Prolt
536 1851 639 1900 maxims
654 1851 761 1900 Deorum
778 1851 893 1914 Jupiter!
922 1852 945 1900 0
964 1851 1085 1910 nefarium
1099 1858 1125 1901 et
1141 1852 1289 1915 impudentur

191 1911 326 1963 hominem!
357 1914 411 1964 Pr.
434 1915 476 1964 Voe
488 1916 546 1965 milti
558 1915 659 1964 misera.
694 1917 777 1971 Quid?
792 1917 893 1965 etiamne
902 1930 965 1965 nunc
974 1918 1069 1966 ereum
1080 1931 1131 1965 stou
1141 1917 1180 1964 eis
1193 1916 1289 1976 indignis

193 1991 236 2026 rios
246 1980 397 2030 essedelttsus
407 1981 483 2029 dolis?
515 1981 569 2031 Pu.
586 1981 726 2030 Mirandum
734 1985 804 2041 esset,
820 1980 842 2028 si
858 1996 904 2029 trois
915 1986 941 2030 lu
952 1995 1019 2029 servu
1028 1996 1097 2030 seruo
1107 1981 1186 2045 fldem
1195 1981 1289 2028 huleri.

194 2041 260 2098 Quis
270 2057 341 2106 agorn
349 2043 452 2095 incertus
461 2058 523 2095 sum.
556 2047 596 2095 Art
605 2061 650 2095 noir
664 2061 757 2108 possum
767 2045 835 2094 leodic
845 2061 876 2094 ex
886 2051 910 2094 le
922 2060 1003 2094 orrum
1015 2047 1165 2109 exprimere?
1181 2045 1248 2096 Hert
1258 2050 1288 2104 tn,

191 2315 252 2378 him]
271 2316 314 2365 Fa.
326 2322 354 2365 et
364 2314 447 2366 codd.
457 2329 544 2364 omnes
552 2316 693 2379 paululum:
710 2315 754 2365 sed
761 2315 849 2364 versui
859 2314 960 2379 syllaba
971 2322 1105 2376 superest.
1138 2317 1189 2365 Vir
1204 2314 1289 2364 doctus

192 2380 557 2443 intexttuurocepitpotdsrrr.
591 2381 649 2429 Hoc
670 2383 761 2444 probe.
791 2381 865 2428 Betit.
888 2381 992 2428 Paulum
1013 2380 1095 2428 Boiu.
1129 2382 1216 2430 litium
1234 2381 1287 2442 Bip.

193 2445 355 2507 volpis-4⁰
365 2445 494 2507 Cdoereort]
512 2445 548 2494 Et
558 2446 584 2492 iu
594 2446 669 2494 Bern.
682 2447 746 2494 etin
759 2445 815 2493 eliis
828 2445 940 2507 antiquis
953 2451 994 2492 est
1006 2444 1119 2494 Citoereu.
1133 2446 1179 2495 Fa.
1205 2445 1288 2494 Nostri

191 2524 296 2574 quoqne
312 2524 399 2559 onmes
409 2510 516 2559 Cicereii.
533 2510 613 2559 Bent.
639 2510 764 2572 Dicdum]
781 2510 828 2558 Dic
839 2514 866 2557 tu
878 2509 907 2557 C.
919 2508 942 2558 1.
963 2509 993 2572 [i.
1008 2522 1033 2557 e.
1052 2509 1252 2569 coddenensis,
1268 2519 1290 2558 nt

192 2573 317 2636 ridetur]
336 2575 402 2622 Perl.
427 2574 648 2622 nationesne
662 2574 858 2622 Cltoereon'.-ll
877 2573 940 2622 Mss.
951 2573 1063 2635 plusculi
1077 2582 1105 2622 et
1119 2575 1183 2623 edd.·
1197 2590 1248 2623 eum
1259 2581 1289 2622 est

189 2637 303 2687 tndem
321 2637 394 2685 Leid.
409 2651 484 2698 unus,
496 2652 547 2686 eam
566 2638 734 2687 estindttctus?
749 2640 831 2687 West.
848 2640 882 2686 Et
891 2653 934 2700 pro
945 2643 969 2685 te
980 2637 1024 2685 ltro
1034 2639 1152 2700 deductus
1162 2639 1212 2701 est]
1231 2639 1289 2686 Exs-

192 2700 259 2765 gitat
269 2715 368 2760 omnes,
377 2702 420 2765 qui
432 2701 470 2749 its
479 2701 578 2764 legunt,
590 2709 711 2764 tanquam
722 2709 848 2759 umentes,
864 2701 1018 2750 Palmerius.
1045 2702 1154 2753 Scilicet
1164 2704 1290 2753 existimat

189 2767 249 2816 linc
265 2763 401 2815 insedibus
416 2765 469 2814 suis
478 2766 574 2814 dixisse
585 2766 734 2816 Pltredrianr
747 2784 754 2826 ς
772 2767 840 2816 unde
852 2781 903 2816 non
915 2766 996 2815 inerit
1008 2767 1163 2828 dicendum,
1179 2770 1233 2830 Itur,
1248 2767 1288 2815 sed

191 2830 253 2881 sinc.
288 2831 365 2894 Legit
375 2831 462 2895 igitur,
477 2846 520 2894 pre
531 2833 646 2881 teducius
654 2838 709 2882 esti
726 2833 823 2881 Verum
835 2832 899 2881 illud
920 2832 953 2879 de
970 2831 1072 2879 indibus
1090 2835 1176 2892 gratis
1195 2832 1289 2882 dicitnr.

192 2897 228 2945 nt
239 2896 278 2960 eu]
293 2896 341 2949 Pr.
351 2910 376 2958 p.
395 2900 466 2945 1185.
482 2895 611 2945 ‘Indntus
624 2904 724 2946 vestem
736 2904 763 2945 et
780 2904 853 2945 veste
863 2897 879 2944 :’
893 2896 1036 2945 accusativi
1046 2898 1173 2961 exempla
1190 2913 1223 2947 ex
1239 2898 1289 2944 Vir·

192 2961 253 3023 gilio
262 2960 344 3024 pelit3
364 2960 469 3011 ablativi
482 2975 514 3010 ex
522 2961 572 3009 hoe
580 2963 646 3021 loco,
664 2963 696 3009 Et
708 2977 736 3010 ee
747 2966 783 3010 est
793 2961 899 3009 indoles.
933 2961 1004 3023 Lego
1015 2966 1108 3010 tamen
1120 2977 1182 3012 cum
1194 2962 1289 3017 nostris,

191 3040 243 3074 nno
255 3027 352 3086 demto,
364 3026 491 3082 omuibus,
502 3031 530 3074 et
541 3040 599 3074 cnm
610 3026 678 3074 Edd.
690 3033 756 3076 vett.
773 3027 807 3073 Et
818 3041 877 3075 euin.
895 3025 974 3073 Bent.
991 3040 1068 3089 quem
1089 3028 1210 3091 sequitur
1219 3027 1288 3075 Botlt.

93 3142 97 3153 ,
192 3091 235 3153 qui
248 3096 359 3140 testatur
370 3091 408 3139 ite
418 3090 513 3138 hebere
524 3105 581 3139 snos
593 3090 670 3139 codd.
683 3097 710 3138 et
721 3093 757 3139 sic
765 3095 867 3140 monet:
885 3091 983 3138 ‘Recte
993 3091 1037 3138 liic
1048 3091 1151 3154 legitur
1162 3094 1289 3150 deductrst,

192 3155 209 3203 i.
221 3169 246 3204 e.
263 3155 388 3204 deductus
399 3162 449 3217 est,
464 3155 521 3218 ipso
531 3169 608 3204 versu
619 3155 645 3205 id
656 3153 798 3218 flagitante.
832 3155 926 3217 Neque
944 3168 993 3217 ego
1012 3155 1079 3203 tales
1099 3157 1288 3206 contractiones

190 3219 295 3268 omnino
306 3220 443 3283 improbo:
460 3220 505 3268 sed
518 3221 628 3269 rariores
640 3234 697 3269 esse
715 3220 789 3268 dico:
808 3219 948 3281 scripturas
966 3224 1052 3267 autem
1073 3221 1120 3269 lias
1144 3227 1174 3271 et
1193 3221 1289 3279 slmiles¹

190 3284 309 3346 meritu's,
320 3283 412 3346 sortis,
428 3298 484 3346 pro,
502 3285 610 3334 meritus
628 3299 664 3346 es,
679 3284 753 3332 fortis
773 3298 810 3344 es,
827 3298 891 3347 ques
909 3283 986 3333 Bent.
1003 3283 1119 3347 induxit,
1137 3287 1288 3335 anctoritate

191 3362 282 3397 carere
294 3363 397 3398 censeo.
414 3349 488 3397 Botis.
517 3351 649 3398 Deducturt
662 3350 741 3400 Bent.
762 3348 879 3397 Deductu'
896 3354 931 3397 est
942 3349 1000 3410 Bip.
1014 3349 1115 3412 Delph.
1143 3350 1288 3400 Deduetm'st

125 3408 133 3421 ⁴
189 3412 289 3462 2.-43
305 3414 377 3462 Cave
395 3411 476 3462 facias
495 3428 553 3462 eum
572 3415 627 3462 viro
648 3414 753 3463 erudito
772 3413 880 3476 prltnam
900 3412 926 3460 in
946 3413 1095 3476 ‘indignis'
1118 3415 1232 3465 brevem.
1262 3415 1288 3462 ln

189 3475 292 3525 duobus
304 3477 398 3525 nostris
409 3477 484 3526 deest
493 3493 563 3538 nune,
579 3479 605 3526 in
623 3493 674 3527 uno
685 3494 739 3527 nort.
773 3480 892 3542 Repoue,
908 3478 990 3525 Elium
1007 3493 1069 3526 nunc
1086 3482 1169 3528 credes
1182 3479 1288 3539 indiguis.

193 3541 272 3593 Bent.
306 3542 390 3589 litium
400 3554 446 3589 uon
456 3541 650 3603 indigniscredis
660 3558 702 3592 nos
717 3543 796 3591 Both.
829 3543 889 3591 Esse
908 3541 1006 3590 omittit
1025 3543 1156 3604 Rip-44
1174 3545 1217 3593 Its
1228 3544 1288 3603 dedi,

187 3615 294 3657 secutus
307 3605 489 3656 auctoritatem
500 3606 607 3669 Guyeti.
640 3607 698 3656 Neo
710 3605 766 3656 fere
785 3607 895 3655 ‘mirum
913 3605 954 3654 ni’
975 3606 1084 3667 dicitur,
1102 3609 1152 3658 nisi
1172 3616 1289 3673 sequente

187 3671 342 3722 indicativo.
377 3672 431 3720 ΕΡ.
448 3671 541 3720 Mirum
551 3672 581 3720 ti.
598 3673 681 3722 West.
714 3671 968 3720 lllirnmstitueredus
982 3673 1045 3734 quod
1062 3674 1111 3721 iste
1127 3673 1208 3736 dicut]
1224 3674 1287 3722 Bero.

188 3737 352 3786 incontextn
364 3751 415 3785 non
426 3736 505 3785 lrsbet
517 3751 656 3798 pronomen
669 3742 704 3799 tu,
720 3751 769 3786 nec
784 3737 827 3785 liic
845 3750 893 3785 nec
912 3736 937 3783 in
955 3738 1077 3798 sequenti
1096 3752 1186 3801 versu,
1202 3739 1226 3788 lu
1245 3753 1287 3802 quo

190 3801 293 3864 quidem
306 3816 441 3850 versones
453 3801 498 3849 ulli
510 3802 552 3850 alii
569 3801 659 3864 scripti
676 3816 732 3850 eam
753 3815 843 3850 vocem
862 3800 967 3861 habent,
982 3800 1028 3848 sed
1048 3809 1112 3864 post
1123 3806 1130 3831 ‘
1142 3801 1286 3866 possumue’

191 3867 310 3928 sequitur
321 3865 476 3915 inomnibns
488 3880 538 3925 ego.
556 3867 601 3914 Fu.
634 3867 703 3929 Lege
719 3881 752 3914 ox
774 3866 873 3914 dnobus
894 3864 987 3913 nostris
1010 3872 1038 3913 ot
1058 3881 1112 3915 uno
1124 3867 1161 3919 G.
1174 3866 1284 3923 Fabricii,

191 3931 284 3979 Mirum
294 3931 320 3978 tri
339 3936 366 3980 tu
381 3933 467 3980 eredis.
501 3931 544 3979 Ite
563 3931 660 3980 Noster
679 3945 736 3978 ctttn
756 3929 902 3979 Indicstiro
923 3943 1033 3991 semper.
1049 3931 1127 3981 Bent.
1164 3930 1284 3982 creenz.

191 3993 266 4043 Dicet
278 3995 309 4043 Z.
322 3997 399 4045 Bent.
410 3997 470 4058 Bip.
503 3997 533 4045 Si
546 4010 591 4058 pro
602 3995 628 4043 ni
638 3993 727 4044 Guell.
739 3999 763 4044 2.
799 3996 865 4050 Quid
878 4009 976 4055 agamus
985 3994 1033 4042 seio
1046 3996 1172 4046 led-4⁶
1189 3998 1221 4046 Iu
1232 3997 1283 4044 dno-

190 4056 353 4120 bunnensis,
371 4067 399 4109 et
419 4060 486 4110 Edd.
507 4067 572 4110 vett.
589 4059 664 4108 deest
682 4056 734 4120 ego.
769 4059 839 4121 Lege
857 4067 953 4121 tamen,
970 4058 1106 4109 Possumne
1115 4061 1248 4124 louieego:
1262 4066 1283 4107 et

189 4125 367 4185 ranosindo,
384 4139 459 4188 quam
478 4139 579 4174 rursum.
596 4125 674 4173 Bent.
709 4124 821 4175 Omnino
840 4123 958 4188 sequitur
978 4123 1057 4172 Both.
1092 4125 1164 4175 Heus
1184 4132 1212 4176 tu
1232 4124 1281 4185 Bip.

191 4185 269 4251 lise,
285 4193 387 4250 negut03
404 4204 498 4238 renus:
513 4204 635 4252 ponimns
645 4189 716 4238 Perl.
727 4191 772 4251 qui
784 4196 859 4238 notat
873 4194 903 4237 tsi
920 4202 976 4248 reg.
992 4188 1093 4240 hebere
1105 4189 1280 4242 (inette-to
