2678 4702
136 269 203 336 2³4
297 286 530 339 raasorsous
553 286 658 338 usur
682 288 732 337 ns
756 288 895 340 srsrsrs
918 292 1084 344 coniers.

154 519 246 580 Tibiis
261 429 406 580 sainna.
527 523 617 583 Tibiis
632 433 762 602 pinibus.
920 527 1013 594 Tibiis
1027 435 1196 606 iinparibus.

176 660 236 722 Sed
255 663 392 743 quaedam
414 684 450 724 ex
470 665 516 724 bis
531 684 591 725 nou
606 664 678 724 satis
693 665 808 726 sincera
823 685 890 726 esse
904 665 999 747 liquet
1013 687 1086 728 eum
1100 689 1138 729 ex
1151 669 1221 730 codi-

134 775 202 818 cum
215 757 366 831 varietate,
380 769 443 819 tum
458 779 494 818 es
509 758 639 833 Donato,
648 759 735 839 juxta
748 780 848 839 quem,

219 883 359 945 Secunda
372 893 440 945 aeta
453 895 500 944 est
718 886 831 954 Quarta
1057 888 1151 950 Sexta

162 978 240 1040 tibiis
254 978 401 1039 dextruat
414 979 542 1039 sinistra.
671 980 750 1039 tibiis
766 979 886 1040 dextris.
977 980 1061 1041 tibiis
1077 984 1214 1043 Sarranis.

173 1104 215 1165 Ut
225 1105 291 1166 haee
305 1115 402 1165 autem
416 1105 626 1184 intelligamus,
640 1105 855 1167 observandum
875 1113 922 1163 est
935 1105 1082 1166 Veterum
1097 1108 1222 1168 tibicines

130 1199 206 1260 duas
220 1201 307 1261 simul
320 1202 407 1262 tibias
421 1202 522 1262 inflare
536 1202 639 1262 solitos
653 1221 730 1275 esse,
745 1223 823 1280 quse,
838 1202 863 1260 si
877 1200 983 1261 dextra
1003 1222 1100 1262 manu
1114 1204 1223 1264 dextra·

130 1315 188 1376 que
212 1296 271 1356 oris
292 1305 374 1376 parte
397 1306 577 1369 tenerentur,
600 1296 711 1356 dextrae
737 1297 825 1356 dictae
851 1307 938 1356 suntt
960 1318 1032 1375 quae
1056 1318 1130 1360 vero
1157 1301 1223 1359 laera

129 1410 219 1450 manu
232 1391 366 1470 laevaque
380 1392 439 1453 oris
460 1402 553 1469 parte,
568 1392 713 1451 sinistrae:
735 1390 815 1450 hune
830 1390 909 1468 apud
923 1390 992 1450 illos
1006 1412 1124 1452 morem
1139 1393 1220 1452 fuisse

130 1485 252 1565 antiqua
280 1505 426 1547 marmora
452 1497 483 1546 et
504 1487 614 1547 nummi
643 1506 751 1565 magno
777 1505 899 1546 numero
924 1487 1104 1548 ostendunt.
1148 1489 1221 1547 Duas

128 1599 198 1640 vero
213 1580 343 1655 dextras,
351 1600 411 1641 non
424 1601 511 1661 pares
524 1581 653 1653 dextras,
668 1592 699 1641 et
712 1581 835 1660 proinde
850 1580 925 1639 duas
941 1581 1094 1653 sinistras,
1108 1593 1186 1642 recte
1198 1590 1222 1640 et

128 1675 245 1753 proprie
259 1674 316 1734 dici
329 1685 411 1753 patet
432 1685 516 1735 etex
537 1674 584 1734 his
604 1675 710 1747 titulis,
730 1684 761 1734 et
782 1695 818 1735 ex
841 1675 996 1735 notissimo
1015 1675 1140 1738 Phaedri
1164 1678 1221 1736 looo

127 1766 150 1827 l.
162 1787 199 1826 ν.
214 1769 286 1828 Fab.
302 1772 332 1829 6.
348 1769 386 1829 de
397 1768 526 1843 tibicine,
540 1770 591 1849 qui
606 1770 753 1831 sinistram
767 1772 895 1849 fregerat
907 1771 1007 1830 tibiam
1022 1791 1031 1831 ε

328 1912 422 1973 Duas
436 1933 503 1974 cum
518 1932 672 1973 nsxunss
687 1913 841 1974 maluisset
853 1913 986 1993 perdere.

168 2023 213 2083 Ex
233 2025 319 2086 tertio
342 2026 430 2086 titulo
451 2026 545 2104 liquet
570 2027 656 2086 tibias
685 2026 804 2086 dextras
831 2027 868 2084 ab
892 2024 1053 2103 imparibus
1075 2025 1219 2104 distingui,

126 2119 252 2198 ideoque
266 2141 352 2199 pares
365 2121 468 2194 fuisse,
481 2122 513 2180 id
528 2132 584 2195 est,
605 2122 724 2200 paribus
748 2121 951 2192 foraminibus,
973 2139 1123 2200 paresque
1138 2138 1218 2180 sonos

125 2212 267 2285 edidisse,
281 2215 362 2292 quod
374 2214 452 2273 idem
465 2215 528 2292 pari
536 2215 603 2293 jure
618 2214 656 2273 de
670 2214 785 2275 duabus
801 2214 927 2274 sinistris
948 2215 1038 2273 etiam
1053 2215 1216 2276 dicendum.

125 2308 255 2386 Impares
270 2309 359 2387 igitur
372 2310 453 2369 suere
478 2309 546 2370 dnae
570 2311 659 2383 tibiae,
682 2329 807 2390 quarum
827 2310 932 2369 dextra
956 2311 1061 2382 altera,
1076 2311 1169 2370 altera
1181 2311 1217 2369 si·

124 2405 236 2462 nistra:
258 2403 288 2462 in
302 2405 394 2483 primo
408 2406 496 2484 igitur
509 2407 605 2481 titulo,
613 2426 686 2468 ¹cum
700 2406 778 2466 tibiis
792 2393 911 2484 paribus
926 2404 1055 2464 addatur
1069 2406 1178 2467 dextris
1191 2418 1217 2467 et

125 2497 262 2572 sinistris,
276 2499 307 2557 in
321 2502 425 2578 quinto
439 2520 508 2561 vero
522 2502 600 2561 tibiis
615 2503 734 2582 paribus
760 2501 832 2561 nihil
854 2501 914 2561 tale
935 2498 1076 2571 addatur,
1099 2521 1216 2562 censen·

123 2592 195 2651 dum
209 2604 257 2652 est
269 2594 316 2653 vel
330 2596 360 2653 in
375 2596 467 2675 primo
481 2597 591 2656 dextris
605 2610 635 2658 et
648 2598 773 2658 sinistris
788 2617 824 2657 ex
838 2595 1000 2656 abundanti
1015 2595 1117 2673 adjici,
1132 2597 1177 2656 vel
1189 2598 1215 2654 in

125 2687 230 2766 quinto
250 2708 339 2749 voces
359 2709 411 2750 eas
430 2691 535 2771 injuria
557 2694 686 2772 quadam
701 2693 864 2754 excidisse:
886 2708 1023 2769 eumque,
1039 2691 1098 2749 nisi
1113 2691 1216 2769 aliquid

122 2782 268 2858 ejusmodi
296 2785 432 2859 addatur,
461 2787 535 2848 scire
557 2807 748 2868 nequeamus,
772 2797 869 2847 utrum
892 2787 1004 2845 dextrae
1030 2805 1068 2844 an
1096 2788 1216 2846 sinistra

121 2879 241 2953 fuerint,
255 2880 360 2958 opinor
373 2882 491 2960 paribus
503 2884 581 2945 tibiis
593 2894 719 2962 quatuor
730 2883 865 2961 intelligi,
876 2881 950 2940 duas
965 2880 1079 2940 scilicet
1093 2881 1216 2953 dextras,

122 2991 189 3031 oum
204 2973 320 3034 duabus
334 2976 469 3050 sinistris,
481 2988 511 3037 et
521 2977 653 3038 diversas
664 2978 787 3038 Fabulae
797 2986 896 3055 partes
909 2973 1033 3034 diversis
1047 2976 1127 3035 tibiis
1142 2987 1216 3036 actas

121 3068 233 3141 luisse:
260 3070 332 3131 alias
347 3091 451 3150 nempe
476 3072 591 3132 duabus
614 3071 736 3143 dextris,
752 3072 825 3130 alias
847 3087 917 3130 vero
941 3068 1060 3129 duabus
1075 3071 1214 3136 sinistris:

122 3166 168 3231 rel
182 3176 274 3227 totam
287 3170 429 3235 Fabulam
443 3170 535 3231 altera
544 3169 609 3230 rice
622 3168 670 3230 bis
684 3167 775 3239 tibiis,
790 3167 882 3226 altera
893 3164 961 3224 illis.
1003 3165 1171 3245 Utrumque
1188 3168 1214 3225 in

120 3281 178 3321 usn
191 3262 282 3322 fuisse
296 3282 355 3323 non
369 3277 416 3322 est
429 3275 463 3326 ut
476 3264 655 3336 dubitemus,
677 3282 744 3322 cum
759 3282 795 3322 ex
805 3263 889 3321 bisce
903 3259 997 3320 titulis
1013 3271 1137 3321 constet
1150 3282 1213 3320 ean·

120 3354 189 3415 dem
207 3357 338 3416 fabulam
352 3377 412 3416 non
427 3377 541 3437 semper
560 3359 665 3418 iisdem
679 3358 755 3418 tibiis
770 3367 868 3417 actam
881 3356 994 3424 fuisse;
1018 3356 1094 3437 etin
1115 3358 1213 3416 eadem

120 3450 235 3510 actione
252 3451 357 3512 modos
378 3453 559 3515 canticorum
574 3465 605 3515 et
618 3453 812 3515 diverbiorum
826 3471 907 3532 soepe
922 3460 1054 3511 mutatos
1068 3452 1214 3511 annotarit

120 3543 267 3606 Donatus.

159 3643 273 3711 Quarta
295 3642 397 3704 fabula
419 3654 485 3704 acta
509 3645 616 3706 dicitur
639 3644 717 3705 tibiis
738 3642 884 3715 Sarranis,
907 3640 965 3713 vel,
988 3651 1023 3701 ut
1038 3640 1089 3700 alii
1103 3640 1212 3720 legunt,

118 3739 267 3806 Serrauia;
283 3736 337 3799 sed
351 3739 424 3799 mihi
436 3740 590 3801 indubium
613 3751 658 3800 est
680 3739 822 3800 Sarranis
844 3756 943 3798 veram
957 3755 1024 3795 esse
1046 3737 1211 3808 lectionem,

118 3836 236 3895 aSarra
248 3836 347 3908 dietis,
361 3856 429 3914 quse
442 3837 518 3914 Tyro
532 3835 601 3895 olim
620 3855 728 3896 nomeu
750 3835 821 3900 iuitr
844 3832 925 3892 unde
946 3830 1103 3908 Virgilius,
1128 3833 1214 3892 ‘Sar-

116 3947 188 3989 rano
206 3930 363 3992 indormiat
387 3940 469 3992 ostro
479 3935 498 3989 ε’
518 3931 557 3991 G.
574 3936 612 3990 ir.
627 3934 696 3990 506.
715 3939 746 3989 et
770 3929 916 4008 antiquior
941 3924 1065 4003 Virgilio
1089 3925 1213 3998 Ennius,

118 4021 245 4087 ‘Poenos
259 4027 347 4090 Sarra
360 4026 523 4100 oriundos,'
546 4036 580 4086 ut
602 4027 700 4087 locum
719 4026 803 4086 illum
824 4021 955 4084 laudavit
970 4020 1113 4099 Probus„
1142 4020 1216 4082 Mihi
