2678 4702
215 331 280 397 210
552 386 557 394 .
581 344 813 395 raaucrscua
837 346 941 395 nanu

215 504 275 563 tus,
289 501 336 552 cst
349 493 457 552 Plauto
472 493 618 571 frequens,
629 491 682 550 sed
691 491 771 569 apud
785 491 953 551 Terentium
962 507 1123 569 nusquam.
1152 489 1216 550 Nec
1226 492 1290 550 onit-
1323 492 1333 529 'i

215 587 336 647 tenduur
353 597 398 647 est
412 587 490 667 apud
504 588 672 646 Terentium
686 585 780 646 Andr.
797 574 890 646 rvsl.
903 588 1137 646 lamanasse
1151 587 1292 666 exemplum
1326 588 1333 623 ²¹

214 682 355 743 trochaici
379 685 537 744 tetrametri
558 681 815 763 brachycatalecti,
830 683 877 741 cui
893 683 1007 742 scilicet
1020 682 1139 761 integer
1159 701 1212 762 pes
1226 683 1293 741 deest
1327 685 1333 720 ²

216 778 254 837 ad
270 788 468 858 tetrametrum
480 779 698 860 complendum.
1330 794 1333 801 ’

315 905 375 955 Non
388 912 565 955 verentur:
583 906 636 955 illic
648 905 690 954 uhi
703 904 853 969 nihillopns
865 911 926 967 est,
943 903 978 954 ibi
991 911 1162 985 remeatur.

202 1008 270 1072 'llis
285 1014 323 1074 de
338 1016 487 1075 trochaico
501 1016 609 1095 genere
624 1015 721 1089 dictis,
742 1017 771 1075 in
793 1036 853 1095 quo
872 1017 964 1076 lector
978 1017 1093 1076 nullam
1109 1016 1298 1077 difficultatem
1332 998 1333 1003 ἵ

215 1112 323 1171 sentiet
336 1113 385 1190 qui
398 1112 463 1171 hoec
477 1112 612 1192 exempla
626 1114 716 1191 probe
738 1121 831 1184 tenet,
852 1113 908 1172 nisi
929 1132 1001 1190 quae
1015 1131 1055 1171 ex
1069 1111 1204 1172 licentiis
1217 1113 1299 1183 oritur,

214 1206 357 1286 siquidem
382 1208 501 1267 metrice
524 1207 620 1286 legere
642 1207 777 1283 expedite
800 1218 899 1285 queat,
921 1206 1038 1266 omissis
1063 1207 1161 1267 literis
1186 1227 1299 1288 quaepsr

215 1303 417 1383 synaloepham
432 1304 597 1371 eliduntur:
621 1312 738 1362 transeo
754 1302 791 1361 ad
811 1302 968 1361 iambicum
984 1322 1091 1380 genus,
1114 1323 1179 1382 quo
1193 1303 1298 1363 mariue

214 1397 325 1458 Comici
339 1410 451 1459 veteres
465 1408 598 1469 utuntur,
613 1407 646 1457 nt
659 1398 785 1456 sermoni
801 1408 831 1455 et
845 1397 932 1455 rebus
946 1396 1071 1473 agendis
1086 1399 1223 1456 omnium
1235 1417 1299 1456 cour·
1332 1386 1333 1390 ¹

213 1495 393 1554 modissimo.
436 1496 483 1554 De
497 1495 553 1552 hoc
570 1503 668 1553 autem
684 1513 789 1571 genere
804 1492 958 1552 sciendum
972 1501 1028 1563 est,
1050 1492 1138 1569 quod
1153 1493 1297 1573 inparibus
1331 1548 1333 1557 ,

212 1590 286 1648 locis
301 1592 405 1667 pedem
420 1591 501 1649 illum
516 1588 656 1667 postulet,
678 1588 758 1646 unde
782 1587 838 1666 ipsi
862 1606 967 1646 nomen
983 1595 1041 1645 est.
1083 1588 1189 1666 Atque
1210 1587 1297 1648 hocer
1331 1574 1333 1600 ³

211 1684 277 1761 ipsa
292 1702 393 1744 versus
407 1685 521 1743 iambici
536 1695 641 1742 natura
655 1684 782 1763 profluit,
803 1702 871 1742 cum
886 1702 904 1741 a
917 1678 1069 1742 trochaico
1084 1683 1243 1756 derivetur,
1260 1682 1297 1761 qui

212 1778 355 1837 iambicus
376 1780 419 1851 fit,
441 1779 465 1836 si
483 1779 625 1856 principio
640 1777 784 1857 syllabam
799 1777 843 1837 vel
860 1776 1039 1856 semipedem
1056 1797 1213 1862 apponasr
1233 1775 1296 1856 quod
1331 1814 1333 1825 ·

211 1874 371 1952 cogitatum
387 1876 442 1932 etsi
456 1875 602 1933 neminem
617 1875 717 1952 fugere
740 1875 894 1953 potuisset,
917 1874 942 1931 si
966 1872 1002 1933 de
1025 1874 1185 1934 trochaico
1209 1891 1295 1954 genere

211 1970 252 2028 rei
268 1970 394 2029 metricae
409 1971 565 2050 scriptores
579 1972 703 2048 primum
724 1989 810 2047 agere
832 1969 1002 2048 coepisseut,
1024 1969 1128 2027 nescio
1153 1983 1248 2028 tamen
1268 1987 1295 2028 au
1330 2004 1333 2031 ;

210 2065 348 2142 cuiquam
363 2058 392 2121 in
418 2075 545 2121 mentem
562 2066 672 2120 venerit
687 2070 755 2118 ante
770 2063 894 2120 doctiss.
911 2061 1079 2120 Bentleium
1094 2076 1241 2124 nostrum.
1260 2064 1295 2122 'lr

211 2167 290 2217 certe
306 2158 415 2233 primus
430 2155 460 2212 id
479 2175 525 2213 me
550 2154 729 2213 summonuit
750 2164 817 2213 ante
841 2174 934 2214 annos
949 2157 1131 2234 complures,
1146 2179 1223 2231 cum,
1237 2161 1294 2219 inter
1331 2232 1333 2237 1

209 2253 289 2310 vario
304 2269 436 2309 sermone
451 2249 712 2321 confabulandum,
729 2250 766 2308 de
780 2251 908 2311 Terentii
922 2253 1055 2311 versibus
1071 2254 1150 2314 forte
1166 2258 1252 2315 verba
1263 2255 1295 2313 fa·

210 2356 299 2414 caret,
321 2364 417 2423 pauca
441 2345 569 2425 quidem,
591 2344 643 2404 sed
666 2367 733 2424 qnae
754 2346 866 2406 homini
888 2368 947 2407 non
971 2368 1093 2428 prorsus
1110 2354 1226 2433 ἀμούσῳ
1239 2351 1294 2410 satis
1331 2411 1333 2415 Α

211 2452 319 2500 essent.
363 2441 429 2499 Hoc
444 2453 541 2500 antem
555 2454 642 2520 pacto
658 2441 772 2521 syllaba
785 2443 895 2515 brevis,
915 2463 982 2521 quaa
1006 2445 1035 2502 in
1058 2446 1212 2507 trochaico
1227 2465 1294 2506 versu
1329 2517 1333 2539 Ι

211 2537 343 2594 secunda
356 2536 421 2607 fuit,
441 2537 471 2594 in
496 2539 621 2597 iambico
635 2539 749 2599 tertiam
764 2539 866 2598 sedem
882 2540 1057 2619 occupabar
1079 2541 1100 2598 i.
1118 2562 1147 2603 e.
1163 2542 1293 2603 secundus
1330 2601 1333 2621 ‚

211 2651 264 2710 pes
279 2633 333 2690 erit
346 2633 470 2704 iambus,
492 2648 579 2711 atque
593 2635 634 2693 ita
653 2653 738 2712 porro
762 2636 791 2693 in
815 2637 920 2695 ceteris
935 2635 1056 2715 paribus
1070 2636 1158 2697 locis.
1201 2639 1257 2698 Sed
1269 2655 1293 2698 et
1329 2628 1333 2702 ἶ

196 2714 322 2786 'veteres
338 2727 449 2785 Comici
466 2730 511 2786 usi
526 2741 595 2787 suut
616 2729 745 2801 licentia,
766 2741 799 2789 ut
820 2732 849 2789 in
869 2732 949 2790 omni
964 2731 1035 2790 sede
1050 2743 1163 2812 praeter
1177 2733 1291 2794 ultiman
1329 2722 1333 2732 ’

210 2823 384 2901 spondaeum
399 2819 445 2883 nel
460 2825 601 2902 spondaeo
616 2844 714 2904 parem
730 2826 901 2903 reciperent,
923 2827 1001 2884 uude
1025 2831 1162 2906 exsurgit
1185 2850 1241 2889 uon
1253 2827 1292 2887 mi·
1330 2889 1333 2899 ,

209 2916 264 2978 nor
279 2929 435 2978 metrorum
459 2920 488 2978 in
511 2920 568 2979 hoc
583 2940 688 2998 genere
702 2921 866 2998 congeries,
888 2941 975 2999 quam
989 2942 1057 3000 quae
1073 2942 1171 3001 genus
1185 2922 1292 2984 trochei·

207 3036 274 3095 cum
299 3009 482 3093 ingreditur:
512 3016 565 3074 sed
590 3018 627 3072 ab
654 3017 708 3075 hac
736 3036 812 3074 nova
837 3017 946 3095 pedum
972 3020 1208 3097 compositorum
1232 3017 1291 3078 mole

206 3112 299 3170 lector
323 3112 504 3184 liberabitur,
525 3131 591 3179 cunr
617 3113 784 3190 perspiciet,
813 3113 962 3190 quomodo
987 3134 1089 3173 versus
1119 3117 1259 3197 iambicus
1280 3130 1291 3168 a

162 3240 167 3248 ·
207 3207 356 3264 trochaico
379 3207 551 3266 deducatur.
593 3208 746 3267 Trochaici
769 3211 927 3269 tetrametri
951 3210 1120 3269 catalectici
1143 3210 1290 3290 exemploru

207 3302 360 3358 hocerat:

336 3412 1150 3474 Phornri-onemzPhormi-oneruyPhormi·ouem:Phormio.

203 3524 331 3602 ›Appone
346 3526 490 3602 syllabam
506 3526 658 3604 principio,
674 3536 703 3585 et
723 3547 760 3585 ex
774 3528 830 3586 hoc
846 3547 930 3586 versu
946 3528 996 3585 fiet
1009 3527 1289 3588 iambicustetrame-

204 3631 249 3679 ter
264 3621 465 3683 acatalectus:

333 3747 403 3796 Proh
416 3747 604 3808 Phormionem,
622 3747 812 3808 Phormionem,
828 3749 1018 3811 Phormionem,
1035 3726 1174 3800 Phormio:
1258 3766 1260 3771 ’
1307 3810 1312 3823 ι

203 3862 284 3938 quod
299 3862 327 3918 in
344 3873 436 3919 metra
451 3861 576 3919 iambica
590 3861 761 3920 distinctum
776 3861 852 3921 hanc
867 3862 990 3920 formam
1003 3861 1128 3921 induet:

267 3989 336 4039 Proh
348 3987 567 4037 Plror·-rnio:nem
578 3987 803 4037 Phor-miozuem
814 3987 1038 4038 Phor-mio:nem
1054 3988 1207 4039 Phor-mio:

203 4120 262 4178 quo
285 4102 358 4160 nibil
382 4103 581 4170 invenustius3
613 4103 658 4160 sin
681 4102 836 4180 syllabam,
859 4121 948 4180 quam
970 4101 1116 4180 principio
1131 4101 1286 4164 addideras,

114 4272 118 4279 η
204 4195 316 4274 virgula
331 4198 465 4276 apposita
488 4199 711 4278 asequentibns
727 4198 896 4270 abscindas,
920 4208 1024 4283 metra,
1048 4217 1117 4276 quse
1134 4203 1286 4278 supersunt,
