2678 4702
463 310 512 359 us
536 308 676 359 ussum
699 307 862 358 corticis.
1143 296 1208 361 225

96 464 188 515 mut.
236 451 276 511 Et
290 437 371 528 quod
395 448 443 521 de,
465 449 507 523 iu,
520 459 551 509 et
564 464 631 521 coo,
652 446 727 507 dim
741 447 856 520 Cicero,
869 448 900 506 iu
914 447 978 508 aliis
992 451 1080 509 etiam
1094 470 1208 532 praepo-

96 547 273 610 sitiouibus
287 555 318 604 et
330 544 481 623 particulis
495 544 594 605 locum
613 543 753 602 habuisse
771 543 902 622 plurimis
916 544 1056 622 exemplis
1080 559 1207 620 constat,

96 664 178 725 quoe
192 643 275 703 infra
287 660 341 700 suo
361 641 428 701 loco
443 639 572 701 afferam.
614 637 674 697 Sed
686 657 723 696 arr
745 637 784 697 ad
797 638 912 698 illorum
926 639 1046 699 modum
1062 651 1130 701 ante
1143 662 1209 702 cas·

102 738 185 799 dem
200 747 255 796 aut
265 737 340 797 alias
354 735 499 814 quasdam
511 733 612 794 literas
625 732 770 813 producte
783 732 872 793 etiam
885 735 915 792 iu
930 753 1063 795 sermone
1076 735 1210 797 diceren-

100 843 168 908 tur,
184 851 255 893 cum
267 830 298 891 id
314 850 374 890 non
388 832 426 890 ab
439 830 533 909 ipsius
554 830 596 889 rei
609 829 734 901 ratione,
753 828 806 888 sed
820 849 857 890 ex
870 829 980 907 lingum
995 833 1209 893 consuetudine

103 927 270 1007 penderet,
283 927 369 987 uobis
382 926 493 987 frustra
501 924 590 986 hodie
604 926 753 1004 quaeritur.

153 1021 309 1094 Secundo,
323 1022 353 1080 in
374 1021 542 1101 dissyllabis
563 1021 663 1081 multis
682 1041 749 1099 quoe
771 1029 841 1080 sunt
853 1019 1081 1100 frequentissimi
1098 1022 1129 1080 iu
1150 1041 1211 1081 ser·

108 1136 311 1189 sponsurus,
331 1117 456 1196 priorem
475 1136 529 1197 pro
549 1117 634 1177 libitu
667 1116 835 1195 corripiunt,
861 1116 886 1175 si
911 1116 1019 1178 vocalis
1046 1118 1142 1179 brevis
1164 1118 1212 1189 sit,

110 1224 148 1273 ut
162 1213 194 1271 iu

477 1306 546 1367 inde
684 1374 688 1380 ,
718 1306 826 1386 quippe
995 1307 1084 1386 hujus

479 1402 554 1462 inter
718 1402 797 1463 unde
996 1403 1070 1465 ills²

480 1497 558 1555 iutro
722 1498 808 1556 ambo
1001 1498 1061 1559 illic

481 1592 561 1652 istus
722 1591 803 1669 ejus'
1000 1595 1072 1655 illuc

483 1705 589 1764 nempe
723 1687 808 1763 cujus
1002 1689 1084 1750 illinc

484 1801 586 1843 eccum
724 1801 833 1859 perque
1000 1804 1068 1846 esse

483 1895 583 1936 eccam
724 1878 868 1955 numquid
998 1885 1069 1942 estis

482 1972 583 2049 ecquis
721 1971 863 2049 quicquid
999 1988 1101 2036 esseut

481 2064 587 2142 ecquid
724 2083 854 2142 unquam
999 2087 1089 2147 posse

482 2160 552 2219 idue
722 2177 815 2238 usque
1000 2163 1077 2223 adde

203 2254 291 2314 istinc
485 2256 623 2334 quodque
724 2275 849 2334 usquam
1001 2259 1093 2322 redde

1003 2357 1123 2416 omnis.³

376 2449 489 2518 Quibus
502 2446 607 2522 addas,
620 2448 729 2520 hercle,
742 2450 842 2522 neve,⁴
852 2461 883 2512 et
897 2452 969 2530 sive.

168 2593 276 2665 Tertio,
290 2593 321 2653 iu
336 2593 514 2674 dissyllabis,
537 2613 660 2674 quorum
682 2595 761 2674 prior
773 2595 869 2655 brevis
884 2608 940 2668 est,
965 2598 1088 2660 alteram
1102 2619 1219 2680 quoque
1298 2646 1301 2652 «

133 2690 291 2768 sepissime
304 2688 484 2768 corripiunt:
505 2700 538 2748 ut
551 2689 582 2747 in

208 2785 288 2863 apud
395 2785 466 2844 soris
593 2784 711 2863 quidem
798 2795 895 2845 utrum
1018 2788 1107 2848 fidem

208 2881 287 2939 enim
397 2880 475 2939 foras
597 2879 683 2938 simul
804 2899 885 2942 amor
1018 2884 1123 2943 lovem

209 2975 295 3034 ehem
399 2974 461 3032 heri
598 2984 696 3032 tamen
806 2976 888 3034 color
1015 2996 1120 3037 marrus

210 3070 270 3127 sere
398 3088 501 3147 parum
598 3068 679 3126 velut
801 3068 897 3147 pudor
1021 3070 1116 3127 lorum

163 3289 178 3332 1
196 3281 269 3345 Ejus]
290 3281 332 3346 Iu,
347 3283 413 3348 ejus,
426 3283 509 3346 cujus,
529 3289 557 3332 et
575 3282 659 3345 hujus,
731 3285 746 3330 8
767 3279 863 3342 Omnis]
880 3279 998 3331 Priorem
1020 3282 1056 3345 in,
1077 3283 1166 3347 omnis,
1187 3284 1221 3333 ui·

132 3365 160 3406 ut
173 3357 658 3422 priorcorripiatur,iconsouainvo-
698 3354 793 3410 dentur
820 3357 1012 3419 pronuntiasse.
1038 3365 1067 3409 ut
1097 3359 1160 3411 Itali
1196 3360 1224 3408 iu

132 3434 345 3497 calemvertitur,
357 3440 453 3482 etcum
465 3432 658 3496 vocalipraece·
698 3447 767 3495 ogas.
1004 3491 1008 3498 .
1128 3425 1130 3427 ’

132 3507 211 3557 dente
228 3508 457 3572 diphthougesci13
474 3508 659 3571 diphthongum
729 3511 746 3555 t
763 3506 841 3570 Neve]
853 3505 928 3557 Neve
940 3514 968 3559 et
978 3510 1041 3572 sive,
1056 3526 1115 3561 curn
1125 3512 1224 3579 pyrrhi-

131 3588 220 3633 autem
230 3590 293 3635 unte
304 3583 422 3633 vocalem
435 3584 531 3647 corripi
542 3583 574 3633 sd
586 3583 660 3634 Grae·
699 3583 752 3634 cliii
762 3583 848 3633 locum
863 3583 981 3634 obtinere
991 3586 1122 3649 videntur,
1133 3588 1224 3649 opinor

132 3672 222 3711 torum
232 3660 379 3722 exemplum
387 3657 471 3723 podria
483 3659 580 3709 Latinis
588 3657 659 3707 fumi·
699 3660 1225 3724 promouosyllabispotiuslrsbenrlaesse,

131 3735 195 3784 liare
208 3742 266 3783 est:
278 3739 306 3783 st
316 3733 376 3784 hinc
387 3733 418 3782 fit
428 3733 496 3797 quod
506 3747 573 3794 cum,
584 3733 662 3795 modi,
700 3741 727 3784 et
741 3735 805 3784 licet
823 3737 901 3798 plsue
919 3735 1074 3799 scribantur,
1091 3739 1225 3784 contracte

132 3808 277 3871 compositu
295 3822 366 3872 srepe
384 3822 415 3856 us
433 3808 567 3872 abjiciant,
579 3814 607 3856 et
623 3808 660 3856 di·
700 3810 860 3874 pronuutiari
879 3817 1009 3875 oportere,
1028 3817 1058 3859 ut
1074 3823 1118 3857 ssu
1129 3814 1225 3865 erres,-

131 3885 227 3944 cimm,
238 3883 343 3947 eimedi,
353 3884 473 3947 cuimodi,
483 3884 608 3935 hulmorli.
701 3884 800 3935 etintls
818 3899 875 3935 erse
893 3885 962 3951 qtrorl
980 3884 1025 3934 sr's'
1046 3881 1226 3945 corrupta-sit,

164 3965 181 4010 2
199 3956 260 4022 Ille]
275 3959 353 4009 Prior
370 3959 406 4022 in,
423 3959 553 4022 ille,ipse,
565 3960 662 4024 eliste,
700 3958 769 4010 And.
786 3971 807 4007 r.
824 3962 850 4008 a.
866 3963 891 4008 2.
919 3959 979 4008 slve
999 3955 1050 4006 istd
1068 3955 1224 4016 utroq-sire

132 4036 276 4098 corripitur
286 4048 334 4097 per
344 4049 433 4085 omues
445 4050 527 4095 casus,
535 4041 562 4084 et
572 4049 663 4083 securr-
703 4034 818 4087 a:mics
835 4042 874 4085 ert
882 4061 892 4074 -
901 4031 1007 4096 gravida
1025 4042 1080 4083 e:
1088 4032 1226 4096 Pamplsrlo

132 4112 167 4160 rla
176 4109 235 4160 fere
247 4109 282 4170 iu,
292 4109 372 4172 illius,
382 4110 473 4172 ipsius,
483 4116 510 4160 et
521 4111 603 4160 istius.
703 4120 754 4162 est.

199 4191 290 4253 Delplr.
300 4196 324 4240 et
336 4190 392 4240 Vcr.
404 4191 467 4238 Clas.
648 4190 744 4261 Pereat..
1140 4187 1164 4239 P:
