2678 4702
152 675 455 768 ELOGIA
505 675 892 765 VETERUM

277 938 341 1004 DE
362 938 469 1004 PUB.
491 937 769 1004 TERENTIO.†

142 1393 264 1474 Varro,
279 1393 503 1475 Parmenone3
527 1393 662 1459 Nonius
676 1395 722 1471 in,
738 1392 896 1457 Poscere.

82 1506 261 1588 rgumentis
285 1504 443 1570 Caecilius
466 1505 576 1587 poscit
598 1505 765 1588 palmam3
792 1506 826 1569 in
848 1503 976 1569 ethesin
1000 1484 1069 1568 Tess

82 1627 116 1688 s;
139 1608 172 1670 in
188 1606 394 1670 sermonibus
410 1605 569 1670 Plautus·

82 1791 110 1839 ris
115 1789 223 1853 judiciis
233 1789 351 1855 quaedam
363 1803 396 1839 ne
409 1789 499 1839 absur-

82 1865 163 1915 aidem
175 1872 280 1915 csrent:
298 1866 374 1931 quale
386 1865 498 1917 Vulcatii

102 1940 204 2004 pridem
231 1940 315 1990 doctis
339 1941 422 1990 visum
449 1947 498 1990 est.

82 2016 130 2066 rtia
152 2015 295 2080 sermonis,'
325 2022 353 2065 et
379 2013 498 2077 ‘mores,'

82 2107 95 2140 u
112 2091 275 2141 tribuuntur:
293 2092 373 2143 etiam
393 2098 452 2140 ‘ars
471 2097 499 2140 et

82 2166 221 2230 litigentia!
252 2166 283 2214 In
307 2165 497 2230 ‘argumentis’

82 2245 132 2293 leat
141 2243 248 2292 subinde
259 2243 412 2294 videbimus.
431 2243 498 2292 Dis·

82 2327 134 2368 tem
146 2325 231 2380 antes,
246 2320 315 2369 aliud
331 2318 410 2382 vulgi,
429 2318 499 2368 eliud

82 2409 129 2444 um
146 2395 178 2443 de
193 2394 283 2444 Poetis
297 2394 425 2458 judicium
435 2409 500 2445 esse.

82 2472 102 2521 si
113 2471 170 2536 quis
181 2471 308 2532 attendat,
320 2471 425 2521 Horatii
442 2485 499 2520 ver·

82 2546 105 2607 i,
123 2545 193 2608 vulgi
209 2546 373 2608 sententiam,
389 2560 439 2596 non
460 2547 499 2612 ip·

83 2621 145 2670 mmi
160 2636 221 2670 sane
237 2621 335 2685 Critici,
344 2623 499 2685 exprimunt.

82 2696 125 2744 rim
141 2697 198 2759 ipse
209 2696 382 2746 admiraretur
391 2699 416 2745 in
428 2699 497 2763 prin-

82 2772 212 2830 mieorum,
223 2773 306 2822 noluit
318 2772 438 2837 cuiquam
453 2787 497 2824 oc·

82 2861 144 2897 esse.
177 2848 233 2910 Ipsi
242 2848 339 2897 eruditi
351 2849 497 2899 tuntumin-

82 2937 112 2971 on
127 2924 274 2987 discrepare
292 2924 460 2989 videbuntur,
477 2927 498 2976 si

90 2999 243 3063 iutueamur,
254 3001 315 3065 quin
326 2999 401 3049 unius
419 3008 447 3050 et
462 3003 498 3050 el-

82 3074 205 3123 rententia
225 3080 369 3124 ceterorum
386 3076 498 3125 anctori-

80 3149 120 3197 rni
141 3160 228 3213 queat.
260 3149 300 3197 De
316 3149 428 3199 Horatio
445 3151 498 3199 dio·

82 3239 86 3271 :
100 3237 174 3286 quem
182 3237 232 3272 non
244 3224 318 3288 legit,
328 3225 497 3275 multominus

82 3313 140 3347 anas
155 3299 181 3347 in
199 3314 230 3349 eo
240 3299 397 3350 imitationes
412 3301 497 3351 obser·

82 3372 147 3421 nied
160 3373 318 3438 interpretes
329 3374 426 3426 sibibic
436 3391 499 3426 eun·

82 3448 180 3499 stimat.
191 3449 278 3500 Servii
289 3452 431 3501 auctoritas
442 3462 499 3504 tan·

82 3530 129 3584 est,
145 3529 174 3573 ut
192 3526 249 3574 loco
267 3526 374 3576 rationis
385 3541 440 3578 esse
455 3528 499 3579 de·

82 3599 167 3649 bonne
186 3600 254 3649 enim
269 3601 352 3650 multa
362 3608 430 3665 sunt,
441 3617 499 3667 quse

84 3675 122 3722 nis
130 3675 226 3738 potins,
234 3691 309 3740 quam
317 3676 412 3738 judicii
420 3675 500 3728 sacul-

82 3765 94 3800 u
113 3765 145 3800 eo
164 3751 343 3802 Grammatico
352 3756 499 3805 testantur?

82 3824 255 3878 Quintilianus
267 3829 344 3892 pleno
355 3828 444 3878 laudat
455 3842 499 3878 ore

82 3917 139 3964 um;
151 3903 200 3952 nisi
213 3903 282 3969 qnod
294 3904 399 3954 incente
410 3903 443 3953 de
454 3903 499 3953 tri·

82 3977 153 4027 ddit:
163 3977 289 4029 refutatas
297 3979 389 4028 merito
397 3979 500 4028 aGeor·

82 4053 161 4104 iricio.
193 4054 327 4118 Ceterum,
344 4055 388 4119 qui
399 4055 500 4118 paucis·

539 1786 1068 1840 slmosseeurstoecriticsesuccessnomnl

539 1878 595 1914 aevu
615 1864 767 1928 praestitisse
795 1865 907 1926 ignorat,
922 1864 994 1913 illurn
1014 1864 1069 1927 ple·

538 1953 619 2002 reque
638 1940 768 1988 interioris
795 1939 920 1987 doctrines
946 1937 1070 2002 mysterie

537 2009 639 2075 fugient
650 2026 754 2061 necesse
765 2018 814 2061 est.
836 2012 897 2060 Non
909 2009 1002 2061 sufficit
1010 2026 1069 2061 ern·

538 2087 611 2145 ditio,
623 2103 680 2152 quae
691 2086 874 2137 confidentiam
888 2099 1006 2150 persaepe
1023 2100 1069 2150 ge·

538 2172 629 2226 nerat3
648 2167 747 2229 utplus
766 2166 829 2216 satis
849 2165 943 2229 promti
957 2165 1019 2228 sint,
1033 2164 1067 2215 ed

538 2243 765 2307 pronuntiandum,
776 2242 821 2307 qui
830 2241 952 2292 Auctoris
963 2242 1069 2306 genium

539 2318 652 2368 nondum
671 2318 879 2381 perdidicernnt:
898 2333 931 2367 ne
942 2316 1069 2367 dieamde

540 2395 697 2458 pervulgatis
719 2393 893 2459 opinionibus,
913 2409 970 2458 qnae
998 2393 1068 2443 baud

539 2485 599 2521 raro
616 2471 723 2521 eximias
736 2486 838 2536 quoque
861 2477 961 2520 mentes
975 2471 1068 2520 dever-
1142 2491 1144 2495 ·

541 2553 619 2596 tunt:
641 2561 700 2596 eum
719 2547 875 2610 proesertim,
896 2545 965 2611 quod
987 2545 1069 2612 probe

540 2622 691 2686 notandum,
705 2622 740 2671 de
758 2623 835 2672 Nora
853 2622 985 2673 Comoedia
997 2624 1069 2689 judi·

538 2699 643 2762 catoris,
664 2706 800 2762 respectus
827 2699 934 2749 Veteris
959 2699 1069 2751 subinde

538 2772 665 2836 obstaret,
687 2774 849 2838 animumque
866 2775 968 2824 divorse
982 2777 1069 2826 trahe-

538 2854 589 2898 ret.
610 2848 707 2898 Dicam
717 2849 810 2899 iterum
823 2866 830 2899 :
847 2849 967 2899 Accedat
980 2851 1019 2900 vir
1030 2853 1069 2901 in·

538 2924 613 2988 genio
625 2932 653 2975 et
663 2924 783 2975 doctrina
793 2926 1022 2989 praestantissimus
1034 2929 1069 2978 ad

537 2997 670 3048 ferendam
683 3000 759 3063 punio
770 3001 925 3063 explicatius
933 3001 967 3050 de
976 3015 1069 3067 magno

538 3075 624 3138 aliquo
633 3080 660 3123 et
669 3073 787 3138 perfecto
795 3074 1069 3140 exVeteribusuPodta

538 3147 711 3198 sententiam:
739 3149 788 3197 nisi
808 3149 904 3199 iterum
923 3150 1069 3218 iterumque

538 3222 1069 3292 relegerit,nisicogitaveritsubtilissime,

539 3316 570 3352 ac
581 3301 700 3366 exegerit
717 3301 818 3365 singula
832 3302 1014 3369 attentissime,
1029 3304 1069 3355 fa·

539 3379 589 3429 cile
609 3379 677 3428 linea
699 3378 813 3428 excidet.
846 3379 1068 3432 Documenteno·

539 3455 623 3505 lumus
636 3455 693 3519 jam
712 3454 812 3503 nisiex
831 3455 949 3519 proximo
967 3464 1068 3520 petere.

540 3533 614 3583 Sicut
626 3532 746 3582 acerrimi
760 3532 799 3581 vir
806 3532 902 3596 ingenii
914 3533 1068 3585 Franciscus

540 3608 653 3659 Guietns
664 3621 748 3670 nuper
760 3605 908 3669 admodum,
925 3607 1068 3657 rectissime

539 3688 567 3733 et
576 3680 724 3732 felicissime
741 3682 875 3746 amplexus
891 3681 994 3731 Afranii
1008 3695 1067 3730 sen·

539 3757 659 3817 tentiam,
668 3756 677 3784 ‘
686 3770 774 3805 omnes
784 3756 895 3807 omnium
904 3755 1067 3808 Comicornm

538 3830 623 3880 inuno
633 3831 756 3880 Terentio
766 3831 880 3880 eminere
892 3826 1067 3893 virtutes,'ju·

539 3906 652 3968 dicarit3
671 3907 709 3956 its
720 3907 854 3970 superiore
866 3904 971 3965 saeculo,
986 3904 1066 3954 nolle·

540 3995 596 4031 mus
613 3995 711 4032 summo
732 3981 797 4042 viro,
814 3985 842 4028 et
856 3977 924 4043 quod
937 3984 1016 4043 capnt
1028 3980 1067 4031 rei

541 4065 589 4116 est,
608 4053 772 4122 κριτικωτάτφ,
787 4054 857 4106 lulio
883 4053 1014 4118 scaligero
1034 4070 1066 4109 es
