2678 4702
503 344 553 391 un
573 341 780 392 rnunurrc.
1125 323 1193 393 259

96 491 208 566 risse,
231 489 261 551 si
277 488 394 551 Latine
413 486 505 568 loqui
521 485 661 550 vellent:
683 485 766 550 licet
781 483 955 550 Caecilium
968 485 1125 559 laudibus
1146 487 1193 551 fe-

96 600 182 654 ant:
211 590 293 653 licet
316 587 465 652 Terentii
488 589 616 669 scripta
640 573 903 670 od‘Scipionem
925 587 1120 653 Africanum
1142 608 1194 653 re·

96 697 263 757 urantur:
299 708 377 772 quse
403 695 517 754 temen
541 689 676 754 suntin
699 687 764 752 hoc
789 708 909 770 genere
926 689 1193 772 elegantissima,

96 803 113 859 t
140 795 226 877 plus
250 791 363 856 adbuc
384 791 542 857 habitura
569 791 698 874 gratim,
725 791 755 855 si
777 790 866 858 iutra
888 811 1005 859 versus
1028 794 1195 858 trimetros

98 895 277 972 tetissent

311 1011 408 1076 Idem
423 1011 617 1076 Declamat'
627 1028 681 1076 rx.
696 1012 768 1078 sire
783 1012 975 1077 Gladiator.

129 1131 345 1208 Terentium,
361 1149 463 1212 quem
476 1130 562 1194 inter
577 1137 708 1197 ceteros
724 1130 892 1214 captivos,
906 1129 1056 1197 secundo
1068 1130 1197 1195 Punico

96 1234 193 1311 ›cllo,
209 1232 325 1315 Scipio
340 1229 521 1296 Africanus
536 1232 680 1296 vinculis
695 1231 901 1309 exsolverat,
916 1232 1083 1296 memoriae
1096 1231 1198 1307 tradi·

96 1337 172 1400 lere
186 1333 343 1419 majores,
365 1333 495 1416 insigne
515 1339 662 1416 receptae
684 1332 848 1399 libertatis
863 1333 953 1416 pileo
968 1337 1142 1398 testantem
1163 1333 1198 1397 iu

96 1437 261 1520 riumphc
275 1436 372 1501 ducis
386 1456 464 1502 esse
479 1443 712 1553 compostum.
1191 1418 1197 1430 ’

422 1587 567 1667 Plinius,
580 1589 639 1652 lib.
655 1605 680 1653 1
696 1588 809 1671 Epist.
823 1586 877 1651 16.

137 1705 240 1786 Legit
261 1705 341 1768 mihi
364 1725 470 1788 nuper
493 1705 666 1790 epistolas,
693 1726 779 1801 quas
801 1705 918 1770 uxoris
940 1724 1016 1777 esse
1046 1703 1198 1769 dicebat·

96 1807 257 1870 Plautum
273 1808 330 1870 vel
343 1800 535 1872 Terentium
549 1813 653 1872 metro
668 1797 813 1872 solutum
827 1808 893 1890 legi
908 1806 1048 1872 credidi.

387 1955 430 2022 A
446 1958 589 2054 Gellius,
603 1961 662 2024 lib.
680 1976 746 2022 vrr.
764 1978 841 2040 cap.
856 1959 908 2020 14.

140 2073 236 2138 Vera
251 2080 362 2139 autem
376 2081 409 2140 et
422 2076 560 2159 propria
580 2074 771 2160 hujusmodi
794 2073 971 2139 formarum
988 2069 1177 2152 exempla
1167 2090 1200 2137 ru

96 2176 417 2257 LatinalinguaM.
426 2177 534 2241 Varr'o
547 2176 730 2253 essedicit,
746 2171 1115 2250 ubertatisPacuvium,
1130 2190 1201 2254 grae

96 2279 242 2344 cilitatis
257 2277 433 2358 Lucilium,
446 2264 691 2344 mediocritatis
703 2277 906 2343 Terentium.

432 2395 540 2474 Idem,
561 2395 621 2460 lib.
638 2411 704 2462 ιιι.
727 2414 803 2478 cap.
818 2395 873 2463 21.
915 2414 918 2419 ·
965 2375 984 2453 s
1087 2350 1090 2355 ·
1196 2448 1200 2459 .

145 2512 270 2595 Neque
284 2532 405 2596 magno
420 2514 593 2579 intervallo
607 2520 729 2598 postea
744 2512 788 2593 Q.
804 2513 942 2590 Ennius,
959 2519 995 2577 et
1012 2511 1113 2596 juxta
1128 2509 1202 2576 cae-

97 2615 203 2702 cilius
219 2623 253 2678 et
266 2615 453 2694 Terentius,
476 2635 517 2679 ac
533 2615 677 2679 subinde
697 2615 888 2694 Pacuvius:
912 2622 945 2679 et
960 2612 1111 2679 Pacuvio
1128 2611 1203 2696 jam

96 2731 182 2780 sene
198 2715 337 2794 Accius,
352 2717 538 2799 clariorque
554 2723 635 2782 tunc
655 2718 689 2780 in
703 2716 873 2808 poematis
894 2735 1006 2781 eorum
1021 2716 1204 2779 obtrectan-

98 2817 156 2881 ‹ns
170 2818 322 2883 Lucilius
334 2818 408 2884 ruit.
565 2809 568 2815 '
1195 2804 1200 2817 '

162 3039 167 3045 ,
296 2969 484 3048 Ausonius,
498 2968 534 3034 in
550 2965 821 3052 Protrepticoad
838 2965 1018 3049 Nepotem.

191 3085 246 3148 Tu
261 3107 396 3170 quoque
410 3089 468 3170 qui
480 3088 615 3154 Latium
628 3089 716 3153 lecto
731 3104 897 3161 sermone,
912 3083 1059 3158 Terenti,
1080 3138 1081 3141 ,
1199 3153 1202 3164 ,

194 3187 313 3253 Gumis
327 3195 360 3254 et
373 3191 507 3260 astricto
522 3191 690 3274 percurris
703 3187 841 3272 pulpita
856 3204 971 3262 socco,

191 3288 249 3355 Ad
263 3311 351 3355 nova
366 3291 427 3356 vix
440 3312 618 3357 memorem
633 3287 785 3356 diverbia
799 3307 885 3370 coge
902 3292 1086 3352 senectam.

357 3437 514 3503 Lactant.
537 3438 578 3503 de
601 3437 704 3503 Falsa
723 3436 808 3525 Sap.
831 3454 906 3518 cap.
921 3434 954 3498 4.

142 3554 261 3642 ¹Nemo
284 3560 399 3638 potest
422 3556 464 3621 de
490 3577 527 3620 se
548 3564 638 3622 recte
655 3557 820 3642 judicare,
842 3553 934 3637 quod
955 3552 1078 3618 nobilis
1101 3549 1206 3632 polita

103 3662 270 3737 testatur:
299 3655 357 3722 Ita
379 3657 469 3722 enim
494 3664 723 3741 comparatam
747 3672 825 3722 esse
849 3655 1018 3721 bominum
1043 3660 1205 3726 naturam,

106 3762 167 3822 dcc.

451 3860 620 3926 Eusebius
634 3861 671 3924 in
685 3859 862 3939 Chronico.

150 3992 332 4058 Ptolomaei
348 4008 398 4074 ur
411 3993 526 4072 idest,
549 3993 791 4077 Philometoris
812 4009 913 4074 regno
928 3987 1074 4053 decessit
1090 3986 1129 4049 P
1140 3985 1205 4047 Te-

104 4095 247 4172 rentius,
272 4112 339 4176 quo
360 4099 508 4178 tempore
528 4073 755 4200 Aristarchus,
778 4091 1039 4188 Homericomm
1062 4087 1119 4169 ille
1135 4105 1206 4175 ver·

109 4216 210 4266 suum
225 4215 354 4276 censor,
370 4195 492 4267 flomit.
