2678 4702
207 293 239 340 Ρ.
264 290 446 352 rnnauru
471 292 561 342 asar
586 291 624 340 ru
650 291 831 340 annarau
857 288 1065 344 raonocua
1151 277 1217 344 273

268 485 271 493 ’
359 646 364 654 .
453 530 885 607 saoconna,

113 680 272 781 ponne,
289 723 364 768 oum
381 705 527 788 primum
541 707 684 770 animum
701 705 745 768 ad
761 705 971 770 scribendum
986 705 1130 789 appulit,

111 805 157 870 Id
174 806 243 868 sibi
260 807 371 886 negoti
387 807 529 872 credidit
544 808 655 871 solum
671 806 758 884 dari,

114 898 251 989 Populo
266 910 304 967 ut
318 905 502 987 placerent,
518 926 604 990 quas
613 907 751 982 ,fecisset
765 903 907 970 tabulas.

112 1005 244 1071 Verum
260 1006 356 1068 aliter
372 1005 504 1071 evenire
519 1009 624 1073 multo
639 1008 813 1089 iutelligit:

113 1107 207 1172 Nam
224 1107 259 1169 iu
273 1108 420 1190 prologis
434 1105 624 1174 scribundis
639 1127 774 1192 operam
791 1108 936 1172 abutitur
950 1127 959 1186 ;
1196 1109 1219 1172 5

126 1358 130 1363 ³
147 1299 212 1347 Cam
222 1299 324 1361 primam
336 1300 458 1350 Terentius
469 1296 546 1350 Pc'e'ta
555 1299 659 1349 animam
669 1297 783 1360 applicuit
794 1296 957 1358 adfectandas
970 1298 1107 1356 Cumodina,
1118 1297 1220 1348 eredidit
1259 1315 1262 1319 ·

112 1361 178 1410 harre
188 1362 237 1412 sibi
248 1365 340 1413 tentarit
351 1362 453 1414 luderem
461 1364 560 1426 imporat.
569 1367 596 1411 at
609 1364 741 1424 Cornoedtoe,
757 1375 814 1424 qnae
824 1361 932 1422 fecisset,
946 1364 1055 1425 popatnrn
1064 1365 1219 1412 delectarent:

111 1439 197 1475 cmm
208 1427 389 1492 aninrcdrertit,
399 1430 472 1478 multo
483 1428 552 1477 aliter
562 1441 630 1489 gaam
639 1431 767 1488 patarcrat
776 1426 887 1474 evenire:
903 1440 957 1475 nam
968 1428 993 1474 tn
1002 1426 1107 1488 prologis
1117 1426 1219 1475 scriben-

578 1569 759 1589 ommmu

115 1690 119 1697 ·
147 1671 203 1737 'g'
215 1673 300 1722 Notas
320 1673 499 1735 Bentleiauas,
516 1689 580 1738 quas
592 1674 618 1723 ih
629 1675 669 1724 bis
679 1675 738 1724 VV.
750 1674 802 1724 Lis.
814 1673 846 1723 ad
859 1672 986 1723 Andriam
1007 1672 1145 1735 inveneris,
1162 1686 1177 1722 e
1191 1674 1221 1722 Ζ.

111 1737 174 1787 fere
185 1739 357 1786 extraximus.
390 1740 421 1787 ld
432 1738 535 1804 quidem
547 1737 666 1799 fecimus,
685 1749 714 1789 ut
733 1739 855 1787 brevitati
873 1739 1072 1787 consuleremus.
1105 1737 1220 1800 Ancum

114 1801 236 1852 Bentleii
247 1800 323 1850 tamar
336 1810 363 1853 et
376 1818 443 1851 serre
456 1804 545 1851 harum
555 1804 613 1852 VV.
624 1804 678 1852 LL.
691 1804 800 1852 utilitati
812 1803 855 1850 vix
867 1802 915 1851 hac
926 1803 1025 1851 ratione
1037 1803 1100 1852 satis
1122 1802 1221 1851 factum

112 1872 214 1930 postea
225 1865 368 1928 rideretur,
379 1865 482 1916 taudem
496 1866 670 1931 judicavimus
680 1868 706 1916 iu
718 1867 795 1916 variis
808 1876 955 1916 ceterarum
967 1867 1119 1915 Fabularum
1131 1866 1223 1916 lertio-

111 1929 193 1980 nibus
206 1930 368 1991 exponendis
380 1932 457 1994 paulo
469 1931 572 1994 quidem
584 1931 736 1994 longiorem,
754 1937 866 1979 atcerte
883 1931 963 1992 magis
982 1929 1069 1986 fidam,
1087 1930 1180 1979 Faiirm
1192 1945 1223 1978 ac

113 1992 234 2043 Bentleii
247 1994 375 2043 Natarum
386 1995 525 2057 Epitomeu
536 1993 836 2044 exhibendam-Quam
848 1994 975 2051 rationem
986 1993 1074 2042 inierit
1085 1993 1141 2057 ipse
1153 1995 1221 2042 Zeu-

114 2057 186 2117 nius,
203 2057 361 2120 explicatam
381 2059 437 2121 ejus
460 2059 547 2107 verbis
569 2058 675 2120 accipe:
693 2056 842 2105 ‘Fabrnum
864 2057 967 2119 quidem
987 2057 1058 2117 olim,
1071 2065 1108 2118 et
1130 2063 1222 2118 postea

113 2119 269 2170 Beutleium
281 2136 340 2170 cum
351 2123 535 2172 intellexissem
547 2121 653 2170 multam
669 2121 826 2170 Terentiano
838 2120 922 2168 textui
939 2118 1103 2168 ernendando
1121 2126 1150 2169 et
1169 2121 1222 2168 lec·

114 2186 218 2234 tionrrru
229 2186 388 2235 auctoritate
401 2185 575 2235 confirmando
587 2199 692 2248 operam
706 2184 827 2242 dedisse;
845 2183 876 2232 ab
896 2196 943 2232 usu
954 2183 1029 2247 hujus
1041 2182 1162 2233 editionis
1172 2185 1220 2232 cri-

115 2249 180 2308 tico,
189 2250 337 2310 praesertim
349 2264 407 2300 cnm
418 2252 507 2300 multra
519 2249 703 2313 lindenbrogii
723 2257 790 2297 notae
812 2248 922 2297 eundem
941 2254 1071 2310 spectent,
1091 2262 1140 2297 uon
1159 2248 1222 2297 alie·

115 2327 179 2361 num
192 2311 267 2374 duxi,
278 2313 373 2376 ubique
386 2315 519 2378 utriusque
533 2314 581 2362 riri
594 2313 750 2362 sententiam
762 2313 921 2375 adjungere;
940 2311 996 2373 sed,
1006 2326 1039 2359 ne
1049 2312 1116 2361 liber
1126 2313 1221 2375 magni·

115 2375 213 2426 tudine
225 2381 254 2424 et
265 2377 417 2426 scholiorum
430 2379 500 2427 nube
512 2379 634 2434 molestus
646 2377 794 2437 lectoribus,
812 2384 840 2425 et
850 2375 1018 2487 fortepretio
1030 2376 1171 2424 emtoribus
1183 2377 1222 2424 in-

116 2439 418 2504 commodusexisteret,
429 2443 477 2492 hoc
489 2447 695 2503 temperamento
714 2455 770 2490 sum
788 2455 859 2500 usus,
878 2445 908 2488 ut
937 2454 981 2488 ere
1000 2440 1085 2488 verbis
1096 2441 1169 2502 meis,
1189 2441 1222 2488 ad

116 2519 174 2553 rem
186 2502 304 2566 brevius,
314 2507 385 2555 saiva
397 2506 596 2570 perspicuitate,
609 2503 813 2569 significandam,
822 2505 957 2566 utriusque
969 2503 1017 2550 riri
1029 2505 1184 2552 sententiam
1197 2505 1224 2553 in

118 2566 304 2630 compendium
313 2569 466 2632 redigerem,
478 2576 505 2618 et
516 2571 559 2618 uni
571 2571 667 2617 nomini
680 2569 820 2618 tribuerem
833 2568 963 2627 Bentleii;
981 2567 1046 2616 adeo
1058 2575 1088 2616 ut
1099 2568 1174 2632 copia
1186 2568 1223 2617 lo·

118 2645 211 2681 eorum
224 2633 327 2688 omissa,
340 2639 367 2681 et
378 2632 515 2682 verborum
527 2632 744 2696 formularumque
766 2632 916 2694 ambagibus
935 2631 1062 2681 detractis
1080 2638 1107 2680 et
1125 2632 1222 2682 crebris

116 2695 237 2759 ejusdem
259 2698 296 2745 rei
315 2698 514 2759 repetitionibus
532 2699 630 2756 vitatis,
650 2698 712 2745 nihil
732 2695 780 2744 nisi
799 2697 935 2745 sententiae
952 2704 1223 2760 argumentorumque,

118 2760 176 2809 sive
188 2774 208 2807 a
216 2760 334 2810 codicum
346 2762 511 2820 arietantem,
519 2761 572 2810 sive
585 2763 660 2810 metri
671 2760 781 2823 legibus,
790 2761 843 2808 aive
852 2760 974 2825 loquendi
987 2776 1044 2820 usn,
1055 2766 1082 2808 et
1092 2761 1223 2823 elegantia

119 2824 249 2908 sermasia
261 2831 414 2888 sanatorum,
425 2840 548 2875 stammam
566 2824 735 2889 spectandam
755 2824 964 2888 sequendumque
983 2825 1045 2873 mihi
1062 2839 1119 2872 esse
1136 2825 1224 2873 existi·

118 2900 230 2935 marem.

121 3002 125 3008 ,
149 2954 168 2999 h
186 2951 290 3012 Negotii
300 2952 345 3000 Br.
360 2952 460 3002 Pareus
471 2950 608 3016 distinguit
618 2952 673 3001 darn·
685 2951 784 3014 Populo,
794 2956 837 3000 nt:
853 2950 958 2999 damnat
970 2946 1100 2999 west—5
1120 2951 1223 3014 Operam

118 3015 192 3078 vulg.
206 3023 234 3064 at
246 3015 309 3065 Par.
328 3030 361 3065 ex
380 3016 448 3066 Pall.
468 3031 547 3080 opera.
569 3018 669 3066 Perlet.
705 3018 785 3079 Opera
802 3029 904 3080 quoque
923 3028 982 3064 esse
1000 3016 1027 3063 in
1047 3015 1124 3064 Bodl.
1145 3023 1223 3064 notat

616 3177 724 3228 NOTAE

153 3279 302 3342 tPrologns]
312 3281 526 3347 Estoratio,quae
535 3283 566 3332 ad
578 3296 651 3346 spee-
693 3283 819 3346 Prologus
834 3287 876 3332 est
890 3281 1068 3347 anaphoricus,
1087 3283 1142 3334 sive
1156 3285 1222 3335 rela-

120 3361 208 3406 tautes
220 3355 543 3407 antelabulamhabetur:
560 3364 652 3423 estque
693 3359 772 3422 tirus,
789 3357 967 3409 defensionem
988 3360 1079 3410 Poetae
1099 3361 1222 3413 adversos
1247 3418 1248 3423 ,

120 3432 162 3480 vel
171 3430 408 3495 commendatitias,
420 3433 602 3495 velrelativus‚
611 3433 653 3480 vel
692 3435 875 3485 malevolorum
882 3437 1060 3487 accusationes
1070 3438 1222 3503 suscipiens.

121 3506 356 3570 argumentativus,
368 3502 418 3558 ¹uel
437 3508 540 3558 mixtus.
576 3508 652 3558 Com·
725 3516 739 3560 1
757 3510 870 3574 Appellit]
885 3509 1029 3575 ‘Appellere
1048 3509 1153 3576 proprie
1172 3520 1223 3577 est,

120 3581 292 3631 mendatitins
319 3589 370 3645 est,
403 3597 456 3648 quo
490 3582 580 3632 fabula
610 3584 652 3631 vel
693 3599 726 3634 ex
744 3586 797 3634 alto
813 3586 877 3635 mari
892 3586 919 3635 iu
936 3595 1037 3650 portum
1055 3589 1160 3637 invehi:
1178 3589 1221 3639 cui

121 3657 210 3707 Poeta
224 3658 434 3707 commendatur:
459 3659 582 3719 relativus
599 3658 652 3708 sire
694 3661 851 3711 contrarium
866 3668 905 3711 est
920 3664 1029 3724 solvere,
1047 3678 1104 3712 cum
1117 3663 1221 3713 funibus

119 3734 292 3797 anaphoricus
314 3740 363 3795 est,
382 3748 432 3798 quo
451 3735 590 3785 maledicta
607 3734 653 3784 ad·
693 3737 866 3786 solutisnaris
879 3751 893 3785 e
906 3745 983 3800 portu
995 3739 1115 3789 discedit.

120 3809 249 3871 versario,
259 3815 306 3858 aut
317 3811 409 3873 gratiae
424 3813 519 3875 populo
535 3810 653 3862 referdu·
724 3816 739 3859 5
759 3813 862 3874 Operam
869 3812 987 3875 abutitur]
1003 3813 1221 3876 Abutiturprolo-

120 3894 181 3935 tur:
205 3887 434 3947 argumentatirus,
452 3888 506 3936 sire
526 3888 653 3952 hypothe-
694 3903 727 3951 go
737 3889 884 3951 Terentius,
901 3891 1019 3955 quoniam
1035 3904 1086 3937 non
1105 3891 1221 3952 explicat

122 3962 189 4010 tiens
213 3968 264 4022 est,
288 3974 339 4024 quo
361 3968 539 4024 argumentum
558 3964 653 4013 fabulae
692 3972 881 4026 argumentum,
899 3964 968 4030 qrrod
987 3978 1048 4012 vere
1066 3965 1165 4028 prologi
1180 3973 1221 4016 est

122 4042 258 4085 narratur:
277 4036 372 4085 mixtus
389 4044 440 4099 est,
455 4039 499 4100 qui
518 4039 593 4109 plura
609 4037 653 4088 ho·
693 4038 819 4099 officium
847 4039 892 4088 sed
911 4040 1052 4102 respondet
1075 4042 1220 4107 malevolis,

122 4127 179 4162 rum
200 4118 246 4161 aut
264 4112 387 4159 omuiaiu
405 4114 574 4164 recontinet.
602 4115 654 4164 Hic
693 4116 785 4184 quibus
796 4113 1003 4166 taeitinvidiam.

167 4255 171 4265 ¹
190 4191 280 4255 Delph.
292 4196 315 4239 et
328 4191 384 4242 Ver.
396 4192 459 4242 Clas·
649 4194 741 4244 Terent.
1136 4197 1154 4244 S
