2678 4702
422 322 470 370 nn
493 320 634 371 sturnis
656 318 925 371 rnnanrrnsrs.
1146 309 1212 375 237

573 517 753 584 CAESURA.

152 655 254 714 Omne
266 671 401 713 versuum
417 672 511 731 genus
526 671 609 712 snam
622 653 866 712 habetcoesuram
882 654 943 713 sive
958 654 1141 729 incisionem,
1152 676 1212 735 qua

111 751 241 810 verbum
253 749 434 822 terminatur,
455 757 486 808 et
505 767 562 808 vox
581 747 611 806 in
626 748 752 807 decursu
767 749 887 827 paulum
901 751 1114 828 interquiescit.
1157 752 1213 812 Illa

112 842 178 904 sere
193 863 309 903 casura
320 843 465 904 Romanis
478 841 598 922 placuit,
611 862 679 921 qum
694 841 833 922 inpriore
848 843 925 903 tertii
940 844 1024 923 pedis
1040 846 1154 925 syllaba
1164 849 1211 907 fit:

115 947 152 998 ut
165 939 197 996 in
213 938 351 997 heroico:

241 1049 332 1107 Arma
343 1049 495 1127 vimmque
508 1067 584 1107 cano
601 1047 607 1130 Ι
624 1047 720 1127 Trojae
733 1049 783 1127 qui
796 1049 907 1127 primus
921 1052 958 1110 ab
973 1051 1033 1110 oris

237 1143 355 1201 Italiam
367 1143 429 1203 fato
446 1141 452 1224 Ι
470 1143 612 1222 profugus
627 1143 793 1222 Larinaque
806 1144 892 1204 venit

224 1225 228 1231 ’
242 1237 364 1308 Littora,
378 1237 502 1297 multum
513 1238 563 1297 ille
575 1247 606 1298 et
621 1236 627 1319 Ι
644 1238 728 1297 terris
737 1238 868 1317 jactatus
882 1249 912 1300 et
926 1240 987 1301 alto

242 1331 281 1390 vi
294 1351 441 1412 superum,
455 1352 542 1392 smvae
560 1331 566 1414 Ι
583 1350 740 1393 memorem
753 1334 880 1396 lunonis
894 1337 932 1396 ob
945 1336 1027 1397 iram.

115 1461 215 1519 Varro
238 1459 358 1538 quidem
382 1460 462 1542 apud
486 1461 615 1522 Gellium
638 1482 744 1522 xvrrr.
761 1464 808 1522 15.
833 1462 933 1523 scribit
950 1465 1122 1526 observasse
1136 1486 1168 1527 se
1183 1469 1213 1528 in

116 1575 208 1616 versu
221 1554 403 1630 hexametro,
424 1557 503 1634 quod
518 1550 686 1622 omnimodo
698 1557 819 1636 quintus
841 1559 967 1639 semipes
988 1558 1032 1638 (id
1055 1569 1110 1632 est,
1135 1564 1214 1639 prior

78 1698 81 1705 .
116 1649 208 1729 pedis
229 1651 306 1710 tertii
327 1651 454 1730 syllaba)
474 1654 595 1712 verbum
616 1652 722 1711 finiret.
762 1651 881 1725 Mirum,
905 1653 987 1733 quod
1007 1655 1214 1717 ‘omnimodo’

118 1743 240 1821 dixerit,
250 1764 318 1804 cum
332 1746 485 1805 Lucretius
493 1746 554 1825 jam
567 1757 629 1806 tum
643 1746 813 1807 variaverit:

243 1855 411 1916 Reddenda
423 1857 453 1915 in
466 1857 541 1917 ratio
559 1855 564 1938 Ι
581 1877 619 1918 ne
632 1876 748 1931 vocare,
761 1861 918 1920 arsemina
931 1879 1042 1922 rerum:

117 1957 152 2010 et
164 1948 303 2010 Catullus
315 1971 323 2010 :

245 2045 353 2104 Omnia
364 2044 455 2105 fanda
468 2046 556 2105 nelan
573 2045 579 2127 Ι
597 2045 637 2105 da
648 2049 728 2107 malo
741 2048 885 2127 permissa
898 2050 1005 2108 furore.

119 2138 235 2215 Postea
252 2139 361 2218 saepius
374 2139 535 2218 Virgilius:

246 2233 382 2313 Lyrnessi
396 2234 502 2295 domus
515 2233 544 2293 al
560 2233 567 2314 Ι
583 2243 625 2307 ta,
638 2234 704 2294 solo
718 2233 863 2296 Laurente
877 2237 1053 2315 sepulcrum.

122 2329 272 2389 Homerus
286 2338 383 2387 autem
398 2328 467 2387 olim
482 2328 656 2406 saepissime,

245 2439 416 2516 Οὖλομένην
429 2445 446 2510 ἢ
459 2441 497 2518 μῦ
514 2437 520 2520 Ι
536 2444 571 2516 ρι’
583 2439 712 2520 Ἀχαιοῖς
725 2440 809 2516 ἄλγε’
824 2443 930 2513 ἔθηκεν.

122 2549 195 2608 Non
217 2549 424 2609 ‘omnimodo’
444 2551 533 2629 igitur
546 2549 658 2609 dictum
672 2553 817 2630 oportuit;
841 2553 895 2613 sed
916 2553 1128 2633 ‘plerumque'

162 2645 199 2704 ln
214 2644 363 2724 Sapphico
378 2644 508 2705 similiter
521 2645 647 2703 Romani
661 2647 764 2723 quinto
778 2646 837 2707 lere
851 2647 1021 2728 semipede:

246 2755 406 2815 Pindarum
419 2755 553 2834 quisquis
570 2754 577 2836 Ι
594 2755 695 2815 studet
707 2758 849 2831 aemulari,
883 2843 886 2847 ,

244 2850 323 2922 lule,
335 2851 440 2910 ceratis
459 2850 464 2928 Ι
481 2869 537 2927 ope
552 2849 696 2908 Daedalea

245 2946 356 3004 Nititur
368 2946 473 3026 pennis
491 2943 497 3026 Ι
514 2945 607 3005 vitreo
618 2944 753 3006 daturus.

533 3040 662 3100 Nomina
674 3052 777 3119 ponto.

164 3156 200 3214 In
214 3152 356 3215 Alcaico:
378 3152 520 3214 Doctrina
533 3153 587 3212 sed
601 3154 659 3212 vim
677 3153 682 3231 Ι
700 3162 850 3230 promovet
864 3153 992 3224 insitam,

457 3247 600 3324 Rectique
613 3247 709 3305 cultus
727 3245 733 3326 Ι
750 3256 871 3325 pectora
883 3248 1031 3308 roborant.

166 3359 203 3418 ln
216 3357 385 3419 Phalario:
405 3357 510 3418 Multis
524 3359 574 3418 ille
587 3359 672 3418 bonis
690 3359 695 3440 Ι
712 3360 816 3420 flebilis
830 3360 957 3422 occidit:

486 3455 568 3514 Nulli
579 3455 700 3516 flebilior
717 3457 722 3536 Ι
740 3476 828 3535 quam
841 3457 904 3532 tibi,
914 3457 1029 3538 Virgili.

126 3564 177 3625 Sic
189 3563 266 3623 etin
279 3563 377 3624 iambo
391 3557 539 3623 trimetro:

287 3676 356 3735 Jam
365 3675 428 3754 jam
442 3677 554 3735 efficaci
571 3675 577 3756 Ι
595 3677 634 3736 do
646 3697 750 3737 manus
765 3680 916 3740 scientiae:

289 3770 420 3848 Supplex
432 3781 463 3831 et
475 3791 527 3832 oro
544 3773 549 3852 Ι
566 3793 657 3852 regna
670 3794 722 3852 per
735 3775 933 3856 Proserpinae,

289 3864 350 3923 Par,
360 3874 391 3923 et
405 3865 510 3932 Dianas
527 3867 533 3948 Ι
551 3887 610 3928 non
623 3869 768 3929 movenda
782 3873 912 3943 numina,

289 3960 348 4020 Per
361 3972 448 4039 atqua
461 3962 550 4023 libros
567 3964 574 4043 Ι
591 3965 749 4024 carminnm
762 3966 920 4030 valentium

289 4055 393 4117 Refixa
407 4057 481 4118 coelo
498 4057 505 4138 Ι
522 4057 665 4118 devocare
679 4059 785 4119 sidera.
