2678 4702
421 331 592 386 nunnoni
618 334 701 385 scr.
720 335 771 384 tv.
796 333 849 386 sc.
868 337 920 385 ιν.
1159 323 1228 390 483·

118 483 192 546 ΡΗ.
216 479 317 546 Unde
340 480 439 567 igilur
459 481 593 546 fratrem
615 470 726 544 monui
746 499 823 545 esse
848 478 1006 544 scicbusl
1053 479 1121 544 Do,
1145 481 1227 547 Par·

115 603 369 751 Dicebaltndldd
394 704 488 750 esse:
511 684 543 749 is
563 682 658 748 dedit
682 682 764 747 mibi
784 682 871 748 bunc
890 685 1029 761 vestem.
1065 681 1136 752 Pa.
1158 683 1227 751 Oc·

307 807 328 850 ι.

117 889 191 952 Do.
213 787 330 953 Mdddm
344 889 418 974 ipae
434 888 560 954 induit:
575 895 655 973 post
669 908 738 953 una
750 887 850 953 umbo
866 888 1137 957 abieruntforas.
1181 890 1226 955 35

117 989 192 1056 ΡΥ.
212 989 292 1056 Jam
307 993 391 1057 satis
407 992 518 1057 credis
537 994 684 1058 subdam
705 1012 782 1057 esse
803 1011 870 1070 mo,
891 996 924 1056 ot
945 991 1028 1055 nihil
1047 991 1226 1059 vmentitura

269 1094 275 1108 ·
305 1095 340 1139 ·o

117 1178 200 1244 Jam
224 1096 314 1244 sdidsl
331 1143 461 1244 certum
479 1184 541 1259 eat,
566 1180 725 1265 virginem
746 1179 898 1247 vitiatam
918 1181 1016 1245 essel
1061 1179 1131 1244 ΡΗ.
1153 1178 1227 1264 Age

253 1301 352 1358 nunc,
371 1281 497 1358 bellua,
1295 1375 1297 1378 y

117 1381 241 1449 Credis
255 1383 334 1448 huic
350 1383 442 1467 quod
456 1383 563 1449 dioitl
608 1379 679 1448 ΡΥ.
700 1382 792 1462 Quid
814 1385 870 1449 isti
893 1382 1054 1449 credam?
1075 1401 1132 1449 res
1150 1385 1227 1467 ipen

251 1485 391 1549 indicat.
1031 1524 1036 1531 ·

115 1667 198 1727 igitur
212 1667 319 1728 fratrem
337 1634 413 1719 maron
428 1667 551 1718 Cdoereatn
565 1681 615 1719 este
630 1667 736 1718 solebant
775 1670 830 1719 Do.
850 1669 966 1719 Parmeno
981 1668 1149 1728 confratrem
1160 1673 1227 1717 tutem

116 1747 170 1781 esse
183 1733 291 1783 dicebat:
315 1734 416 1784 (litoreo
433 1735 493 1783 lrorrc
510 1734 570 1782 milri
590 1734 764 1784 deditssueatertr.
808 1735 863 1783 Pa.
882 1735 958 1783 Perii.
1000 1736 1057 1784 Do.
1075 1732 1156 1783 Meum
1174 1732 1226 1794 ipse

115 1800 222 1846 sumsit:
242 1803 324 1861 podea
340 1799 440 1848 Gloereu
450 1804 474 1847 et
489 1799 608 1848 Parmeno
618 1798 710 1848 adibas
720 1799 811 1861 egressi
819 1805 885 1848 ruat.
924 1799 977 1850 ΡΥ.
998 1799 1057 1847 Just
1069 1798 1137 1855 setis,
1155 1798 1227 1847 Pto·

114 1863 183 1922 dra'o,
201 1863 278 1911 credis
288 1876 324 1912 me
338 1877 385 1911 noa
400 1877 449 1912 esse
459 1865 620 1925 torrentum,
637 1879 678 1912 nec
694 1865 819 1928 quicquum
830 1863 946 1913 mendacii
953 1863 1069 1926 struxisse.
1098 1864 1157 1912 dam
1166 1862 1228 1912 salis

115 1928 268 1989 exploratum
285 1932 321 1976 cst
336 1933 360 1976 et
378 1932 529 1991 compertum,
546 1928 664 1989 uirginem
679 1934 761 1990 stupro
777 1929 892 1992 pollutam
904 1932 972 1978 eruet
1016 1928 1070 1978 Pu.
1089 1928 1227 1989 deerrare,

115 1991 216 2054 stolida,
226 1993 332 2042 credisne
342 1992 398 2041 laic
409 1993 444 2054 id,
459 1993 520 2054 quod
535 1990 617 2043 dicut?
642 1991 765 2041 Nimirum
775 2007 852 2054 eeroo,
863 1993 988 2053 Eunuclro,
997 1992 1151 2054 elsugitioo?
1173 1992 1227 2040 ΡΥ.

118 2056 172 2109 Cttr
186 2057 230 2106 ista·
248 2071 296 2106 trote
313 2058 425 2109 crederer
447 2057 522 2120 Nam,
541 2057 588 2105 etri
604 2057 812 2121 nourr-ediderim,
827 2071 865 2107 reu
875 2056 936 2105 salia
953 2056 1005 2119 ipro
1022 2058 1137 2107 derlcrul.
1170 2055 1229 2107 Pa.

581 2216 764 2237 OM!

117 2315 166 2366 Fa.
194 2314 247 2364 Nec
265 2313 321 2377 qais
338 2319 406 2370 erut.
423 2329 525 2378 unquam
542 2317 664 2366 audieram
682 2312 770 2376 dicier]
787 2314 854 2364 Hinc
873 2315 952 2364 verba
971 2313 1060 2364 Rivius
1080 2313 1227 2363 adulterina

114 2380 279 2444 pronuntiat.
314 2378 410 2438 Credo,
421 2383 483 2443 quie
495 2377 593 2429 Aldina
604 2380 646 2428 ed.
658 2395 708 2430 non
721 2381 795 2443 legit.
828 2377 866 2428 At
881 2380 973 2444 legunt
988 2381 1047 2428 aliae
1064 2380 1187 2442 antiques,
1198 2385 1227 2434 et

114 2446 176 2495 ΕΡ.
194 2457 280 2509 neque
290 2442 356 2492 adeo
368 2443 491 2493 videntur
501 2443 673 2508 repudianda,
683 2443 752 2510 quod
768 2445 794 2492 in
814 2443 846 2493 ile
866 2450 906 2493 eat
917 2443 1064 2493 omnimoda
1075 2444 1142 2493 Dori
1155 2444 1227 2506 igue·

116 2509 217 2570 rautla,
234 2508 336 2572 qualem
354 2507 517 2557 manifestari
535 2509 687 2572 oportebat,
702 2508 809 2574 nequid
822 2510 906 2571 culpae
919 2509 1011 2571 inipso
1024 2509 1097 2557 Doro
1110 2507 1227 2556 residere

116 2573 284 2622 crederetur.
312 2573 347 2622 Et
358 2580 499 2635 agnoscunt
510 2574 576 2624 Mae.
589 2574 683 2623 Leldd.
693 2581 755 2634 trec,
766 2573 877 2624 totidem
887 2574 956 2623 Pall.
966 2572 1012 2622 aed
1025 2581 1053 2623 et
1063 2573 1107 2622 Tr.
1118 2579 1146 2622 et
1154 2572 1225 2635 Lips.

112 2637 236 2687 Faernus
255 2636 408 2686 dubitanter
426 2644 517 2687 tuetur
538 2640 681 2702 vulgatam,
697 2639 802 2689 scilicet
821 2637 890 2702 qnod
911 2639 948 2688 ita
969 2637 1104 2688 verbosior
1123 2637 1228 2687 videtur

116 2704 219 2763 Doroa,
235 2717 311 2766 quarn
323 2716 370 2764 pro
382 2703 493 2751 novicio.
526 2703 579 2752 Sed
590 2718 642 2752 non
655 2704 778 2767 pauciora
787 2704 933 2754 verbasunl
945 2704 996 2752 ista
1007 2719 1015 2752 r
1028 2703 1178 2759 ‘Parmeno
1188 2736 1196 2751 .
1206 2736 1228 2753 ..

113 2766 208 2818 foras?
241 2768 308 2815 Tum
320 2767 420 2816 Gellius
437 2771 524 2816 x11.6.
540 2768 640 2829 laudat,
656 2770 739 2818 audini
749 2770 832 2817 dicier.
848 2769 891 2816 Tr.
912 2769 981 2816 Unde
995 2767 1073 2829 igitur
1089 2781 1228 2823 mearum

115 2827 228 2881 sciebas?
244 2831 329 2882 West.
348 2833 422 2881 Unus
435 2846 468 2880 ex
480 2832 575 2881 nostris
585 2831 760 2882 Academicus
770 2838 827 2880 cum
840 2831 968 2880 Bembino
981 2833 1124 2890 consentin
1141 2830 1224 2882 ceteri

117 2910 210 2945 omnes
224 2896 288 2945 duos
301 2897 575 2947 versusconatituuut.
608 2897 704 2946 Utrum
723 2911 755 2946 ex
777 2896 816 2944 his
836 2910 926 2944 verens
947 2895 991 2957 sit,
1018 2895 1224 2959 bodiapreseias.

117 2962 200 3023 Nam,
216 2959 286 3024 qnod
299 2962 372 3011 aiunt
383 2962 468 3021 Doro,
483 2961 691 3010 bominlmluirne
703 2961 825 3022 verboso,
836 2961 892 3009 ltere
902 2974 953 3008 non
965 2961 1123 3022 convenire;
1134 2959 1227 3009 lndnut

116 3040 184 3074 nost
203 3039 261 3074 curn
274 3026 309 3087 ei,
324 3041 372 3090 per
383 3026 453 3089 ipsos
464 3026 508 3090 qui
520 3026 667 3076 verbenaca
680 3026 914 3090 eJiciunt,verboso
926 3039 983 3073 esre
993 3039 1042 3073 uon
1053 3024 1124 3074 licet.
1148 3024 1226 3074 Cete-

117 3105 177 3139 rum
189 3090 229 3138 vir
241 3090 333 3139 doctus
349 3091 356 3117 ‘
371 3089 447 3140 Nou'
466 3098 542 3140 extra
552 3105 656 3141 versum
669 3093 765 3154 posuit,
773 3090 822 3139 lroc
832 3096 883 3151 est,
891 3104 923 3137 ex
935 3088 1110 3152 monosyllabo
1123 3103 1225 3137 versum

117 3156 251 3218 integrum
262 3153 337 3217 fecit,
354 3154 410 3204 sire
422 3155 573 3205 clausulam.
595 3156 668 3207 'Quo
680 3163 767 3206 tomen
777 3154 913 3217 exemplo?
942 3155 1046 3204 eranto
1054 3153 1156 3202 facilins
1168 3161 1226 3203 erat

112 3220 343 3281 illudigitnrcum
356 3218 433 3270 CCC.
451 3220 578 3283 ejecisse?
611 3221 678 3270 Noa.
704 3218 884 3279 Undefrotrem
895 3233 971 3268 meum
986 3216 1141 3270 cerendas?
1160 3217 1225 3267 Pcr-

117 3299 195 3334 metro.
214 3285 292 3333 Bent.
325 3284 422 3334 Sciebas
440 3285 504 3334 Par.
525 3290 550 3335 2.
572 3286 653 3334 verbo
670 3299 720 3334 esre
742 3285 845 3334 omisso.
866 3284 933 3333 Perl.
958 3284 1011 3335 Neo
1033 3282 1227 3346 quis...dicier

115 3357 193 3399 recte
202 3349 288 3398 omisit
299 3346 378 3398 Bent.
389 3349 464 3398 Botlt.
477 3350 521 3412 qni
534 3363 592 3398 cum
604 3350 675 3399 Perl.
683 3350 832 3399 Bentleiurn
841 3348 945 3397 ornnino
957 3348 1083 3412 sequitur,
1094 3348 1141 3398 uisi
1153 3347 1224 3412 quod

112 3414 166 3464 dat
177 3428 255 3462 meum
264 3413 431 3473 mesratrem.
448 3413 533 3462 Soidua
544 3421 570 3462 et
579 3414 640 3477 Bip.
653 3429 710 3477 quae
722 3414 830 3463 exhibet
841 3427 900 3462 cum
913 3413 1012 3476 Delplr.
1029 3427 1105 3462 meum
1116 3415 1226 3473 fratrem
1272 3424 1280 3443 ³

116 3482 245 3528 erse-³4
264 3479 292 3527 Is
302 3479 368 3527 dedit
380 3478 439 3526 tarr
448 3478 508 3526 miti
519 3479 617 3541 aalma]
637 3479 731 3529 Vestem
742 3479 820 3543 aliqui
830 3478 847 3528 l.
858 3492 880 3526 s.
892 3491 944 3526 aon
956 3479 1063 3540 lrabeat,
1081 3479 1149 3527 inter
1160 3493 1226 3541 qnos

116 3543 271 3593 Bemblnus.
306 3542 382 3591 Hunc
395 3556 455 3592 vero
468 3543 666 3593 collocationem
678 3543 815 3592 verborum
826 3543 853 3591 in
863 3543 934 3593 nullo
945 3544 1057 3605 invenio,
1073 3542 1119 3593 sed
1132 3544 1158 3591 in
1171 3542 1225 3605 ple·

117 3609 207 3672 risque
219 3621 276 3656 eum
288 3622 346 3670 qliae
359 3608 484 3671 sequitur,
500 3610 522 3657 is
537 3609 605 3658 dedit
620 3609 679 3657 mitt
695 3609 764 3663 tore,
781 3609 828 3658 Fa.
862 3608 937 3656 Unus
952 3614 1050 3657 tanturn
1072 3623 1104 3656 ex
1122 3607 1224 3667 nostris,

118 3674 161 3736 qni
174 3671 376 3724 inBibliotlrecu
385 3672 491 3735 publica
502 3680 554 3734 eut,
563 3688 621 3721 curn
634 3674 709 3721 Bem.
722 3671 805 3734 fucit3
823 3672 907 3722 ceteri
916 3672 1036 3730 uulnerat,
1052 3671 1075 3719 is
1084 3671 1151 3719 dedit
1164 3671 1225 3719 mili

117 3739 288 3787 bonruertem.
321 3737 523 3800 Recte‚opinor.
552 3737 672 3800 Repone,
689 3736 791 3786 Dicebat
802 3752 855 3786 eam
865 3751 930 3794 essu
948 3736 1017 3785 isari
1026 3737 1087 3785 lane
1097 3735 1163 3784 dedit
1173 3744 1225 3784 uss*

116 3807 175 3852 tem.
195 3802 288 3850 Occidi·
304 3801 383 3852 Bent.
402 3816 478 3865 quem
497 3807 639 3864 sequuntur
655 3801 733 3851 Both.
753 3802 826 3851 Peri.
848 3801 942 3850 Vestem
953 3802 1077 3849 omittunt
1088 3799 1116 3848 Z.
1128 3800 1224 3861 Rip.-

115 3869 149 3916 Sd
166 3866 200 3916 In
212 3867 267 3916 Ma.
278 3865 351 3929 Lips.
364 3881 414 3915 non
426 3865 508 3916 estrl
524 3865 586 3915 tibi?
603 3867 684 3914 West.
701 3867 862 3917 Mesobra'am
877 3865 936 3926 esse]
955 3865 1033 3914 Ratio
1054 3878 1143 3913 versus
1155 3863 1222 3913 huuc

116 3931 317 3980 collocationem
329 3933 476 3990 verborum,
487 3945 546 3996 quae
562 3938 603 3979 eat
615 3931 641 3979 in
653 3931 772 3980 omnibus
785 3930 840 3979 fere
853 3930 870 3977 l.
883 3944 902 3977 a.
915 3938 940 3976 et
954 3931 1067 3991 Donato,
1079 3929 1170 3991 exigit,
1185 3944 1223 3976 so-

115 3996 196 4045 briem
207 4009 255 4044 esee
266 4010 311 4045 me.
328 3996 374 4044 Fa.
400 3996 444 4045 Si'c
463 4003 489 4044 et
508 3995 589 4044 nostri
604 3995 707 4045 sobrium
723 4010 771 4045 eree
786 3993 905 4070 mernlsi
917 3993 985 4056 quod
997 3995 1058 4043 Pet.
1072 3993 1176 4042 sobriam
1185 4008 1223 4070 ore

115 4059 807 4188 :tirel2⁰1¹.illd?inditiis-litt...'lut‘
817 4059 1223 4184 tlr‘.¹il¹l·..dl.t.t;3it

115 4189 332 4240 Dioatzulleut.
349 4190 410 4254 Bip.
423 4190 495 4240 Perl.
524 4188 806 4254 Quidatprondisti
818 4189 962 4238 Boin-tn
974 4187 1125 4239 Etiamnunc
1138 4189 1222 4251 paule·
1255 4227 1257 4230 .
