2678 4702
951 193 973 233 ἢ

193 280 259 346 424
568 293 598 340 r.
622 292 805 342 rnnnnrrr
829 293 916 343 urar

195 437 332 518 Quibus
345 442 378 501 et
390 457 426 502 re
439 436 536 501 salva
551 442 587 499 et
600 435 734 519 perdita
745 436 945 520 profueram,
959 443 992 502 et
1007 456 1151 521 prosum
1166 461 1261 526 saepe.

195 541 371 620 Salutant3
394 537 438 602 ad
453 557 584 604 coenam
599 544 742 619 vocant3
765 538 942 603 adventum
957 543 1177 622 gratulantur.
1255 530 1258 536 ¹

196 642 259 708 Ille
271 641 328 706 ubi
342 640 442 704 miser
455 640 632 704 famelicus
649 642 740 705 videt
754 661 806 706 me
822 662 897 706 esse
914 643 1056 708 intanto
1070 643 1208 724 bonore,

195 743 240 807 Et
266 751 332 806 tam
356 740 457 806 facile
479 741 606 806 victum
631 760 791 824 qnaerere,
816 744 864 806 ibi
886 743 986 808 bomo
1000 748 1111 830 coepit
1126 767 1180 810 me
1194 748 1280 812 obse·

324 860 430 919 crare,
1246 849 1281 914 at
1329 858 1331 871 '

195 943 242 1009 Ut
256 943 323 1007 sibi
338 943 454 1008 liceret
468 942 596 1007 discere
610 942 644 1007 id
661 944 703 1007 de
718 964 769 1008 me
784 965 792 1008 ε
816 946 937 1010 sectari
947 945 1060 1028 jussi3

194 1045 232 1110 Si
246 1045 338 1128 potis
351 1052 416 1123 est,
429 1051 587 1127 tanquam
602 1044 879 1129 pbilosophorum
903 1045 1028 1112 babent
1042 1046 1232 1132 disciplinae
1246 1068 1282 1116 ux

324 1165 410 1229 rpsrs

192 1327 331 1390 piscatura,
340 1326 423 1389 quibus
436 1329 526 1377 lucrum
536 1328 672 1387 nemean,
688 1328 744 1375 dum
759 1341 798 1376 res
814 1342 873 1378 ereo
888 1327 945 1377 bere
960 1342 985 1377 sc
1000 1328 1132 1390 hindam,
1146 1335 1215 1394 rrtpuc
1224 1329 1284 1379 uisu

192 1396 247 1453 port
256 1392 470 1453 munierimus,
484 1396 535 1441 iuss
550 1405 640 1456 quoquc
656 1391 681 1439 iu
697 1391 833 1455 manalis.
866 1391 904 1440 Hi
914 1406 951 1441 erc
960 1393 1079 1454 sumunt,
1094 1396 1127 1442 ud
1136 1410 1223 1443 coersusr
1232 1395 1284 1442 isui·

195 1459 256 1517 tout,
268 1457 297 1505 dc
308 1472 358 1505 suec
373 1457 474 1506 admotu
491 1455 550 1505 milti
566 1456 728 1518 manner.
762 1456 809 1504 lile
822 1455 895 1506 sriser
910 1457 997 1518 esuris,
1013 1456 1055 1506 ubi
1071 1473 1111 1507 arc
1121 1459 1186 1507 uidet
1196 1459 1285 1519 istorio

194 1519 379 1583 emmeranni,
390 1520 460 1584 cepit
471 1535 507 1569 sne
518 1535 594 1583 orare,
604 1525 631 1569 ui
641 1519 688 1568 sibi
698 1519 779 1568 liceret
790 1520 851 1569 burc
860 1525 937 1568 ortem
953 1523 982 1570 dc
998 1536 1036 1569 ure
1046 1523 1155 1572 discere:
1166 1522 1230 1583 jussi
1242 1535 1285 1571 cus

193 1585 239 1633 urci
249 1589 387 1635 sectatorem
396 1599 453 1649 esse,
461 1589 484 1634 ct
493 1585 644 1647 discipulari,
654 1583 678 1633 si
685 1583 745 1648 ficri
751 1588 845 1648 potest:
860 1589 898 1647 ut,
908 1585 969 1633 deut
977 1585 1178 1649 Philosophorum
1188 1583 1285 1636 sedari

654 1728 785 1749 enecone
789 1728 833 1748 en

192 1822 266 1885 surii,
282 1822 375 1883 cctcmi,
390 1823 472 1884 Maii,
482 1825 557 1886 coum,
567 1825 683 1886 sartores,
696 1824 836 1887 piscatores,
852 1839 960 1888 uacum.
994 1825 1029 1875 0.
1039 1824 1099 1876 fere
1110 1827 1128 1877 l.
1139 1841 1162 1878 s.
1173 1833 1233 1891 pust
1241 1840 1288 1889 cup·

189 1888 308 1952 pmiscrii
318 1887 415 1937 babent
433 1887 574 1937 dictionem
593 1902 688 1947 umscs;
705 1903 794 1938 vocem
815 1903 875 1938 uero
892 1902 1002 1952 uucmcs,
1019 1903 1068 1939 nee
1080 1891 1132 1941 Du.
1143 1892 1231 1954 babet,
1246 1903 1286 1940 aec

194 1954 267 2002 Beni.
280 1966 329 2002 nec
340 1953 379 2002 M.
387 1952 485 2001 Tullius
499 1952 565 2001 libro
582 1952 664 2015 primo
676 1950 834 2003 Officiorum.
867 1954 927 2005 Qua
945 1954 1061 2002 dictione
1078 1955 1210 2014 detracta,
1224 1955 1287 2018 dige-

194 2024 286 2066 runtur
299 2017 325 2065 bi
343 2031 430 2066 versus
447 2016 496 2065 boc
515 2015 608 2066 modu:
627 2017 775 2066 Concurrunt
791 2016 843 2065 inti
860 2016 894 2065 mi
912 2016 1004 2066 ubuum
1022 2020 1191 2082 cuppedinarii
1210 2014 1287 2081 maes}

196 2081 296 2142 Ueturii,
307 2080 585 2145 luniiooguisurtorcs,
598 2081 736 2143 piscatores.
753 2081 799 2131 Fa.
831 2082 940 2144 Aucupor
952 2082 996 2130 Fa.
1013 2082 1045 2130 Τ.
1059 2083 1157 2146 Faber,
1173 2083 1218 2134 alii
1235 2097 1288 2132 esu·

195 2146 249 2194 lare
262 2145 363 2208 abent,
380 2153 408 2195 et
419 2145 452 2194 ub
466 2145 542 2209 metri
553 2145 687 2204 rationem,
704 2147 732 2194 e't
743 2145 809 2209 qnod
821 2145 914 2194 Cicero
926 2142 979 2194 Off.
991 2159 1011 2195 1.
1022 2151 1065 2196 42.
1077 2162 1136 2197 eam
1148 2148 1290 2206 omittinet

194 2225 228 2273 qu
272 2212 391 2259 Donatus
402 2224 453 2258 nun
463 2208 542 2270 legin
559 2210 661 2258 demum
673 2209 705 2258 ob
725 2209 799 2259 Beni.
819 2210 867 2259 bac
884 2224 948 2258 roca
965 2221 1111 2262 carentem.
1145 2213 1243 2261 Verum
1260 2224 1288 2261 cs

193 2273 294 2323 ratione
305 2274 382 2321 metri
393 2274 516 2322 nonsatis
526 2273 627 2322 firmum
638 2273 736 2337 petitur
747 2282 935 2339 argumentum.
968 2274 1061 2325 Cicero
1073 2274 1202 2339 dirime
1210 2292 1289 2336 rurus·

193 2335 256 2386 risis
280 2337 444 2386 committere
462 2337 558 2401 potnit,
583 2352 642 2387 nans
669 2343 697 2387 et
713 2337 929 2401 ‘cupedinarios’
950 2338 1044 2387 omisit.
1080 2341 1204 2390 Donatus
1221 2341 1288 2404 plats

193 2399 293 2451 intacta
304 2401 418 2465 reliquit,
432 2415 491 2465 quae
502 2403 625 2451 tamenin
637 2401 742 2452 dubium
752 2416 804 2451 non
816 2410 951 2453 vocantur.
984 2401 1081 2453 Bembi
1092 2405 1161 2454 libro
1173 2406 1252 2456 ceteri
1265 2405 1288 2455 ei

193 2467 258 2517 Mss.
271 2473 299 2515 et
310 2467 491 2530 impressorum
503 2466 717 2529 prestantissimi,
726 2472 753 2515 ct
763 2466 843 2516 lectio
855 2465 934 2516 Probi
945 2467 1100 2519 reclamant.
1133 2470 1204 2520 Vide
1261 2481 1289 2518 ue

193 2531 321 2580 Horatius
338 2530 484 2594 respexisse
499 2529 568 2578 hune
586 2531 671 2579 locum
688 2530 742 2579 Sat.
753 2544 784 2578 rr.
802 2534 827 2579 8.
837 2533 894 2580 226.
926 2532 1038 2580 Videtur
1048 2539 1078 2582 et
1089 2533 1115 2582 b.
1126 2533 1145 2582 l.
1156 2535 1255 2584 Terent
1263 2546 1288 2590 ue

195 2595 310 2643 imitator
328 2593 427 2653 Plauti,
442 2593 513 2642 Trio.
528 2606 560 2641 rr.
576 2595 601 2642 4.
619 2598 644 2641 u.
665 2594 738 2642 Wrst.
771 2594 843 2643 Libri
862 2594 964 2659 quidem
982 2595 1025 2645 bie
1042 2599 1227 2661 cuppediuniir
1240 2597 1280 2647 sed

194 2672 252 2707 cnm
263 2657 313 2705 hou
325 2656 469 2719 acuppediis
478 2655 669 2719 denominetur,
685 2671 718 2706 ex
730 2656 859 2722 Analogia
869 2673 921 2708 non
939 2658 1053 2719 dubites,
1070 2663 1134 2725 quin
1151 2677 1181 2710 eu
1242 2663 1248 2674 '
1274 2660 1281 2672 '

192 2719 358 2771 scribendum
377 2721 421 2771 sit.
452 2720 494 2769 De
513 2721 626 2770 ascititia
645 2721 693 2771 isto
713 2735 822 2784 aucupes,
832 2724 888 2786 jam
910 2725 970 2773 olim
994 2738 1037 2773 res
1058 2727 1226 2777 cmrclamats
1245 2732 1289 2775 est.

193 2787 268 2836 Brut.
300 2785 409 2848 Aucupor
419 2784 523 2834 ridetur
533 2784 681 2848 adjectum:
697 2793 827 2850 repugnat
838 2787 933 2848 versui,
948 2801 996 2837 nec
1016 2788 1126 2849 ponitur
1145 2806 1162 2841 a
1183 2791 1288 2841 Donato.

194 2851 241 2902 Er.
272 2848 382 2914 Aucupor
399 2848 506 2912 babent,
529 2855 597 2899 teste
617 2848 679 2899 Par.
698 2850 766 2899 Pall.
787 2864 885 2900 omnes.
902 2851 971 2901 Peri.
1002 2853 1131 2903 daurom
1151 2863 1213 2904 ante
1230 2852 1289 2966 αῗά

195 2912 284 2965 Guelf.
295 2919 320 2964 u.
354 2913 524 2990 cuppedinarii
534 2915 579 2964 Br.
591 2915 777 2975 etcupedcrrumi
791 2915 818 2963 in
838 2922 899 2965 nuta
918 2915 1062 2978 marginali.
1096 2920 1209 2982 Aucupcs
1222 2933 1260 2968 on
1269 2916 1288 2966 r:

194 2986 254 3030 tunt
265 2980 310 3030 Br.
322 2978 354 3029 Ζ.
365 2979 426 3043 Brp.
437 2978 582 3028 Boin-28
599 2979 761 3027 Grutuluntur
779 2993 857 3028 mcum
876 2981 913 3029 M.
935 2979 1077 3030 mun-29
1095 2982 1164 3033 Hoec
1180 2983 1288 3033 vatiele-

229 3050 298 3094 ntur.
334 3042 519 3092 Tuuiobuuure:
534 3047 656 3091 emetusto
674 3044 773 3091 bonore:
788 3058 839 3092 csse
853 3044 880 3092 in
897 3049 989 3093 tuntum
1007 3044 1127 3096 bonorem
1162 3044 1289 3100 Quomodo

193 3059 270 3160 iim.
288 3109 327 3158 St.
344 3107 460 3168 Fabrini,
475 3107 520 3157 alii
537 3106 684 3157 ediderunt.
700 3107 777 3156 Idem.
814 3108 882 3157 Videt
900 3122 937 3156 ure
951 3123 1000 3157 csse
1017 3109 1045 3158 iu
1065 3115 1163 3159 tunium
1179 3112 1287 3162 boumn.

194 3174 235 3222 Ex
248 3172 366 3221 omnibus
379 3171 450 3220 libris
461 3171 545 3220 nulius
556 3178 596 3221 est
607 3173 633 3220 in
663 3186 695 3220 nu
713 3172 769 3219 lraec
787 3173 892 3234 vulgata
911 3172 989 3222 lectio
1009 3175 1172 3236 reperiatur,
1189 3183 1287 3240 praeter·

195 3250 270 3301 quarn
281 3235 307 3285 in
320 3235 457 3297 Bembiuo,
472 3235 518 3284 sed
528 3250 560 3285 ex
572 3187 751 3286 emendatione
764 3244 792 3284 et
802 3244 877 3285 extra
888 3242 1056 3287 contestanis
1072 3252 1134 3293 nam
1146 3239 1288 3304 incopriat

194 3307 261 3361 erat,
275 3300 698 3351 uidetsribicssctuutumbuuurcm.
730 3298 784 3348 Alii
802 3301 903 3365 antiqui
921 3300 1027 3354 libriin
1045 3301 1098 3351 boc
1116 3318 1179 3356 curn
1197 3318 1289 3354 encou-

194 3363 312 3424 nurdant,
327 3363 396 3428 quud
406 3365 433 3413 iu
444 3378 492 3413 neu
504 3363 553 3426 ipsi
569 3365 683 3417 habenta
701 3373 800 3415 ornnem
820 3374 907 3414 autern
924 3365 990 3415 burro
1009 3367 1095 3415 loennr
1113 3367 1164 3429 ita,
1180 3370 1243 3420 sidet
1258 3381 1288 3423 sss

194 3442 242 3478 csse
252 3429 421 3476 tcatoborsore.
453 3428 485 3475 ln
497 3428 614 3480 omnibns
629 3442 689 3477 vero
704 3429 761 3477 aliis
773 3443 831 3477 curn
851 3429 1037 3493 propositione
1054 3431 1093 3479 sic
1111 3431 1220 3496 legitur,
1233 3433 1288 3483 aas

193 3507 231 3543 me
240 3505 289 3540 csse
299 3491 325 3540 iu
334 3491 502 3542 turstoirororc.
534 3491 640 3542 Alicubi
652 3499 738 3542 tamen
750 3493 807 3542 bac
818 3493 897 3543 lectio
908 3499 947 3542 est
963 3493 1019 3542 sine
1031 3495 1114 3544 verbo
1124 3511 1192 3549 csse:
1208 3510 1287 3561 quem·

195 3554 331 3608 admodum
343 3554 431 3605 etDo.
442 3555 522 3618 legit:
539 3572 616 3633 quarn
633 3557 780 3618 lectionem,
795 3556 914 3608 detracta
933 3566 1021 3607 tamen
1039 3558 1076 3619 iu,
1093 3561 1209 3610 omnium
1227 3574 1286 3611 uou-

193 3620 367 3672 modissimam
386 3625 414 3669 et
433 3619 556 3671 locutioni
574 3628 603 3671 et
621 3623 705 3671 sensui
720 3621 878 3686 judicamus,
894 3636 924 3671 ae
941 3621 1026 3670 versui
1037 3638 1154 3687 quoqne.
1174 3625 1220 3677 Fu.
1250 3623 1287 3678 Iit

194 3686 235 3736 ubi
246 3687 317 3737 miser
323 3683 451 3744 sumelicus
460 3685 524 3734 sidet
535 3701 571 3735 me
581 3691 647 3737 tusto
658 3688 751 3736 maore.
784 3688 843 3736 Esse
863 3693 1006 3749 agnoscunt
1020 3687 1113 3737 Nostri
1129 3703 1221 3739 ornnes
1237 3702 1284 3739 can

151 3762 154 3771 ·
194 3750 262 3800 Edd.
275 3756 339 3800 vett.
372 3749 500 3801 Etrecte.
516 3751 589 3800 Brut.
618 3751 804 3814 Vulgmeessc
813 3751 839 3801 iu
847 3756 914 3800 tusto
923 3751 1010 3801 mucre
1020 3751 1099 3800 nullis
1110 3751 1186 3802 libris
1197 3753 1284 3809 nititm.

193 3815 300 3865 Invenit
310 3814 354 3863 Fa.
365 3829 401 3863 suc
411 3819 478 3863 tusto
488 3814 588 3865 bonore:
604 3829 680 3879 quern
698 3815 837 3878 sequimur.
854 3816 914 3878 Bip.
946 3814 990 3863 Sic
1009 3814 1076 3864 dant
1094 3817 1125 3866 Ζ.
1147 3818 1226 3869 Botis.
1252 3813 1284 3866 tii

193 3877 234 3928 udi
244 3895 276 3929 m.
284 3878 310 3939 f.
321 3893 344 3926 a.
356 3893 449 3930 mcessc
457 3882 524 3926 tauto
534 3879 619 3928 bonore
630 3879 676 3928 Br.
712 3880 781 3931 Videt
801 3895 838 3930 use
853 3895 901 3928 cssc
917 3883 983 3932 inuio
1002 3879 1090 3930 bonore
1100 3881 1181 3932 liant.
1193 3880 1283 3931 Pert-

194 3947 226 3990 80
243 3944 305 3992 ‘Et’
319 3943 438 4006 rejiciunt
449 3943 475 3992 in
488 3956 588 3991 versum
599 3947 640 3991 29.
653 3943 730 3993 Beut.
749 3945 810 4008 Bip.
829 3945 906 3993 Botb.
925 3943 1061 3992 Peri—31
1081 3944 1122 3994 Dc
1141 3961 1181 3995 ure
1199 3942 1285 3995 omittit

195 4007 240 4053 Br.
273 4008 357 4056 Notat
377 4007 477 4056 Brnns:
493 4005 584 4056 ‘Edit.
605 4007 664 4056 add.
680 4010 708 4057 de
727 4024 771 4058 me.
804 4008 879 4060 Quod
900 4007 1013 4067 additur,
1030 4007 1118 4068 glossa
1136 4017 1180 4059 est
1200 4009 1283 4059 iulis.

194 4069 298 4117 nostro.’
331 4073 386 4118 Dat
397 4072 431 4120 id.
443 4071 502 4121 oud.
512 4073 713 4121 enunciari-82
726 4073 756 4122 Si
765 4078 819 4136 pute
829 4078 941 4137 tuaquom
947 4071 1138 4135 pbilosophorum
1149 4074 1232 4123 bubcst
1241 4073 1283 4122 dit·

194 4132 288 4196 ciplmrc
298 4134 399 4199 scipsis
411 4135 534 4199 Vocabulc]
551 4135 581 4185 st
596 4137 660 4219 potis
676 4141 712 4186 cst
727 4139 828 4201 corrigo
845 4151 879 4187 ex
896 4152 921 4187 u.
932 4137 951 4184 l.
963 4150 983 4185 s.
995 4150 1152 4202 uersumque
1168 4141 1283 4196 sustento,
