2678 4702
124 279 190 344 281)
500 295 531 340 e.
554 293 739 343 ruunuurr
765 295 853 344 auur

127 439 180 504 Ex
197 436 313 502 Andro
328 437 561 518 commigravit
574 439 638 502 buc
655 439 797 514 viciniae,

127 542 249 625 Inopia
262 546 297 602 et
310 546 527 621 cognatorum
543 541 740 621 negligentia

85 722 91 731 Ι
126 642 266 720 Coacta,
281 642 411 724 egregia
424 641 544 717 torma,
559 648 660 724 atque
675 649 778 707 aetate
794 645 928 726 integra.

125 747 186 811 Sc.
212 745 281 808 Hei
297 762 422 821 vereor,
436 763 478 807 ne
492 743 574 826 quid
590 743 717 809 Andria
732 751 889 828 apportet
901 747 997 811 mali.

170 893 177 909 .
200 847 353 911 Primum
367 845 441 908 baec
454 845 577 927 pudice
593 847 709 924 vitam,
724 865 834 928 parce,
850 866 890 910 aa
905 847 1034 911 duriter

160 949 269 1030 gebat,
285 948 364 1011 lana
378 966 420 1010 ac
435 947 504 1010 tela
518 947 643 1011 victum
658 949 857 1031 quaeritans:

121 1051 194 1116 Sed
209 1055 390 1135 postquam
405 1067 522 1112 amana
535 1050 692 1126 accessit,
705 1049 850 1131 pretium
864 1051 1042 1133 pollicens,

125 1151 236 1230 Unus,
252 1153 377 1218 etitem
393 1151 496 1231 alter;
518 1151 569 1214 ita
581 1156 618 1215 ut
630 1152 796 1232 ingenium
811 1156 866 1215 est
880 1152 1033 1216 omnium
1173 1152 1204 1215 al

127 1253 310 1319 Hominum
325 1255 368 1317 ab
382 1253 495 1316 labore
509 1253 657 1335 proclive
671 1253 715 1316 ad
727 1253 933 1333 lubidinem

125 1354 271 1438 Accepit
286 1353 520 1430 conditionem,
535 1353 611 1416 dein
625 1360 794 1435 quaestum
809 1354 944 1436 occipit.

127 1454 197 1533 Qui
213 1465 283 1522 tum
297 1455 390 1519 illam
405 1455 573 1530 amabant,
588 1453 683 1531 forte,
696 1454 746 1516 ita
760 1460 798 1517 ut
812 1453 862 1531 fit,
875 1453 983 1518 tilium

126 1558 321 1621 Perduxere
336 1556 428 1631 illuc,
444 1574 558 1619 secum
573 1561 609 1618 ut
623 1574 692 1618 una
706 1561 808 1632 esset,
822 1574 946 1619 meum.

126 1657 269 1738 Egomet
283 1656 442 1721 continuo
457 1674 605 1718 mecum:
628 1654 729 1718 Certe
746 1662 867 1737 captus
880 1657 949 1721 est!

127 1757 264 1820 Habet!
286 1755 506 1818 observabam
519 1773 616 1817 mane
632 1755 765 1819 illorum
780 1757 932 1824 servulos

126 1857 309 1923 Venientes
324 1861 384 1919 aut
399 1856 576 1919 abeuntes:
599 1856 801 1938 rogitabam:
825 1857 922 1921 Heus
936 1877 1033 1942 puer,

126 2092 209 2139 annor,
221 2078 323 2135 soeiaina
341 2079 447 2140 quadam
464 2092 495 2126 es
505 2077 589 2127 Andro
606 2077 684 2127 insula
702 2078 729 2126 in
746 2079 806 2128 banc
822 2079 933 2128 ciciniw
948 2094 974 2129 ac
993 2083 1106 2139 comam,
1123 2086 1213 2144 egendi

126 2149 150 2190 et
170 2143 316 2202 negligentia
335 2143 518 2204 propinquorum
540 2146 639 2190 coacta:
664 2142 753 2190 eximia
767 2142 855 2202 sorinoe
873 2142 959 2205 specie,
981 2149 1004 2193 et
1022 2145 1125 2208 florenti
1143 2152 1213 2196 atate

127 2207 171 2253 So.
191 2206 241 2253 Hei
263 2207 334 2254 timeo
354 2221 384 2253 ne
404 2207 460 2267 quid
478 2205 527 2252 iata
545 2205 638 2253 Andria
654 2211 762 2268 apportet
780 2207 845 2256 ntuli.
883 2208 922 2263 Sr,
939 2208 1055 2257 Primum
1067 2211 1122 2259 ha
1137 2212 1215 2272 pudiea

121 2268 263 2328 frugaliter,
284 2274 308 2316 et
328 2269 440 2317 Ιώονέοει
461 2268 571 2327 vinebat3
593 2271 668 2317 nendo
689 2271 767 2318 lanam
787 2276 812 2319 et
831 2274 931 2320 mando
944 2273 1021 2320 rein
1039 2273 1131 2323 Mein
1146 2275 1215 2336 quari

125 2338 187 2380 tani.
220 2332 318 2393 Aliquot
336 2338 442 2381 amantea
459 2337 603 2381 accesserant
620 2334 722 2394 pretium
738 2335 864 2383 libidinum
880 2336 1024 2397 pollicentea.
1058 2339 1109 2398 Ita,
1123 2346 1151 2387 ut
1161 2340 1215 2398 inge·

125 2396 192 2443 niam
207 2401 242 2444 ert
252 2396 354 2444 amnium
370 2397 487 2445 bominum
502 2413 517 2444 a
534 2396 612 2445 laboce
630 2399 732 2457 procliue
746 2400 777 2446 ad
791 2399 924 2460 libidinem,
939 2403 1058 2450 conrasit
1075 2403 1216 2464 pollicitatio·

125 2460 211 2517 nibui3
226 2460 309 2509 Made
319 2461 387 2524 caepit
397 2466 510 2523 quadum
520 2460 710 2522 corporesacera.
745 2462 794 2517 Qui
810 2468 865 2511 tunc
881 2465 946 2512 illarii
962 2465 1086 2527 mebant,
1095 2466 1163 2524 farte
1177 2466 1215 2530 (iti

126 2523 206 2588 alfii)
220 2525 276 2572 illuc
285 2524 367 2588 filium
377 2539 453 2573 meum
471 2525 629 2585 perduxerunt
640 2526 671 2572 ad
684 2525 832 2588 Clupaidein,
853 2532 879 2574 ut
895 2543 943 2575 una
958 2543 1012 2576 curn
1029 2529 1079 2577 illia
1095 2531 1216 2578 conniveri·

126 2591 176 2633 tur.
211 2589 313 2648 Egomet
322 2587 404 2636 atatim
415 2587 473 2648 capi
484 2602 573 2635 mecum
583 2590 704 2650 cogitatu
724 2591 813 2652 Caplua
830 2596 864 2638 eat
882 2593 1126 2654 antemuralem
1140 2596 1178 2643 eit
1213 2604 1216 2611 '

128 2649 285 2698 Observabam
296 2665 362 2700 mane
373 2651 468 2700 Meum
483 2653 586 2700 aeeialoi
599 2653 718 2702 amicata
733 2656 764 2702 ad
777 2654 938 2717 Pompilium,
951 2661 993 2704 eat
1005 2657 1128 2707 abantea.

588 2819 616 2838 00
619 2819 767 2840 omnm

128 2934 217 2985 Plaut.
227 2933 285 2983 Mil.
295 2947 328 2984 rr.
341 2938 365 2984 3.
377 2939 403 2984 2.
419 2933 489 2983 ‘Hic
502 2933 627 2995 proxima
640 2934 760 2983 viciniae!
782 2935 820 2984 Ut
831 2935 896 2984 adeo
907 2950 958 2984 non
971 2951 1037 2999 opus
1046 2939 1081 2988 ait
1094 2940 1160 2988 tueri
1174 2938 1216 2988 laic

126 2998 307 3063 uicimquod
319 3012 353 3047 ex
366 2998 460 3059 Nonio,
479 2998 625 3058 Priaciaao,
643 3005 671 3047 et
692 2999 808 3048 Cbariaio
826 3000 932 3048 landant
951 3001 1085 3064 Muretus,
1109 3002 1181 3053 Liud.
1195 3008 1217 3050 et

126 3063 190 3111 Par.
210 3064 284 3114 Weit.
319 3062 349 3111 Iu
368 3063 440 3126 regio
467 3061 608 3122 exemplari
627 3062 689 3111 buia.
708 3063 784 3112 Lind.
818 3063 909 3112 Nostri
928 3064 1004 3112 codd.
1024 3080 1116 3115 omues
1136 3067 1215 3116 ritioae

126 3126 218 3190 legunt
229 3129 292 3178 buia.
309 3129 389 3177 Beut.
422 3127 489 3176 Huic
501 3132 528 3174 et
540 3126 586 3173 Br.
597 3132 625 3175 et
635 3125 722 3175 Guelf.
732 3131 757 3177 2.
769 3131 858 3177 a-ra
875 3127 956 3176 Baut.
967 3129 1127 3193 neclegentia,
1141 3137 1216 3193 etymo

127 3205 169 3239 nec
180 3190 313 3252 indagato,
325 3192 391 3240 sicut
402 3193 537 3245 neu-otium,
548 3190 573 3240 h.
585 3192 743 3249 e.negotium.
760 3191 898 3240 Part-da
916 3192 949 3239 Ei
960 3207 983 3240 a.
995 3193 1112 3244 Bi.-aa
1128 3195 1216 3243 lamet

127 3257 147 3301 t.
164 3255 210 3302 Br.
223 3253 312 3303 Guelf.
324 3258 413 3304 2.-51
431 3255 470 3302 Ab
481 3257 497 3303 l.
515 3254 559 3302 Sic
572 3253 623 3302 Gn.
643 3259 668 3304 1.
684 3254 752 3318 qaod
763 3255 912 3317 elegantius
924 3256 1032 3318 vulgato
1043 3275 1059 3306 a
1076 3261 1093 3307 l.
1111 3257 1217 3307 Balbini.

127 3315 180 3365 Al.
191 3317 268 3365 etiarn
279 3319 325 3366 Br.
339 3319 435 3368 2.-54
453 3317 495 3365 lta
513 3317 633 3379 qrraedam
653 3317 780 3367 editiones
799 3326 871 3367 recte
890 3319 1024 3369 exhibent.
1057 3322 1155 3382 Vulgo,
1172 3321 1217 3369 illie

127 3394 214 3443 samm,
224 3386 250 3429 ut
259 3395 307 3429 aaa
315 3385 384 3430 tract.
399 3381 549 3430 weit-ar
568 3381 709 3442 Cogitabam
717 3384 830 3433 lie-sa
841 3382 931 3446 Frigat
942 3382 989 3435 illi.
1023 3385 1055 3435 C.
1067 3386 1113 3434 lui
1123 3387 1164 3436 boc
1173 3399 1216 3434 un.

624 3553 732 3604 NOTAE

161 3679 194 3724 td
211 3675 268 3724 Hae
297 3672 390 3736 [Huic]
416 3673 521 3737 affinia]
548 3673 579 3722 Id
607 3680 658 3737 est,
730 3679 762 3724 56
781 3675 871 3738 Habet]
888 3676 1050 3727 Vulneratua
1067 3683 1115 3728 est.
1138 3679 1218 3726 Trani-

126 3753 155 3802 iu
174 3752 240 3800 banc
255 3749 384 3799 viciniam.
411 3750 523 3798 nativus
542 3764 589 3812 pro
606 3748 658 3799 Ac·
698 3751 761 3800 latio
770 3751 803 3800 ab
813 3751 1095 3814 Amphitheatrombi,
1104 3768 1160 3803 cum
1169 3752 1219 3802 (lli-

128 3828 254 3888 cuaativo,
275 3833 305 3876 ut
330 3824 431 3875 Nouius
457 3832 485 3875 et
510 3825 658 3875 Priscianus
698 3827 812 3876 diatoraa
831 3828 924 3876 vulnus
945 3833 1116 3888 acceperuut,
1136 3827 1218 3876 babere

129 3908 292 3954 annotarunt.
325 3901 444 3951 Donatus
463 3900 536 3964 legit,
552 3902 600 3950 buc
620 3902 657 3950 vi·
698 3900 828 3951 dicuntur.
844 3901 916 3962 virg.
933 3913 987 3949 ιιι.
1007 3900 1065 3951 AEn.
1089 3901 1169 3951 ‘Hoc
1183 3902 1219 3948 bi·

131 3980 215 4027 cintae.
698 3975 759 4026 bet:
786 3977 843 4026 hac
863 3975 955 4025 melior
977 3977 1078 4040 magnii
1097 3977 1159 4028 deta
1174 3976 1217 4026 ric·

162 4057 195 4099 46
211 4051 261 4101 Hei
276 4051 369 4114 naeu]
392 4050 485 4116 ‘Hei‚'
506 4049 658 4115 interjectio
698 4053 761 4100 tima
772 4051 865 4103 Diria!

132 4125 245 4177 timentia
256 4127 412 4177 etdolentir.
600 4166 601 4170 ,
731 4130 763 4175 67
780 4127 860 4190 Heni]
878 4125 1042 4179 Aduerbium
1052 4128 1177 4180 vocantia.
