2678 4702
352 323 400 371 DE
423 320 564 371 METRIS
587 316 859 370 rssaart‘rrartrs.
1037 313 1038 316 ’
1079 303 1148 371 289

112 516 317 585 narraras
349 516 598 581 Mernoauu.
649 518 822 595 rauaror,
849 518 1086 582 rnocurror.
1115 515 1117 524 ·

92 651 305 721 Quintilianus,
319 650 451 708 Institut.
468 649 550 707 Orat.
567 667 600 706 x.
620 649 645 706 l.
660 649 716 706 ‘ln
732 648 884 708 Comoedia
897 647 1022 708 maxime
1037 648 1148 708 claudi·

47 746 459 820 camus,-licetTaan'ur11
479 743 590 822 scripta
603 742 640 801 ad
656 743 822 821 Scipionem
835 742 1006 802 Africanum
1020 744 1149 804 referan-

49 854 120 904 tur:
142 862 211 920 qnae
224 852 324 900 tamen
339 839 368 897 in
382 839 439 898 boc
454 859 561 917 genere
576 849 647 898 sunt
660 838 897 917 elegantIssima;
919 847 949 896 et
969 839 1037 918 plus
1051 838 1149 900 adhuc

48 937 192 997 habitura
215 936 328 1014 gratiae,
350 934 375 992 si
399 933 477 993 iutra
497 953 600 993 versus
624 934 767 994 trimetros
782 932 960 993 stetissent*
993 932 1149 995 Mirificum

50 1051 125 1091 sane
147 1029 247 1107 magni
267 1027 390 1087 rhetoris
412 1026 574 1106 judicium!
615 1027 747 1106 Optabat
768 1026 891 1100 scilicet,
911 1037 945 1086 ut
959 1028 1080 1087 Fabulae
1092 1029 1149 1088 Te·

50 1126 208 1195 rentianae,
229 1143 296 1202 quae
317 1123 346 1181 in
368 1122 461 1201 primo
476 1121 619 1200 cujusque
634 1131 703 1182 actu
716 1131 748 1181 et
760 1141 851 1182 scena
865 1141 883 1181 a
896 1123 1033 1181 trimetris
1047 1123 1149 1182 incho-

10 1264 21 1279 .
50 1229 152 1292 antur,
170 1218 279 1278 ⁴eodem
291 1227 385 1277 metro
399 1237 434 1277 ac
449 1227 551 1277 tenore
565 1237 618 1295 per
640 1236 744 1277 omnes
767 1227 850 1277 actus
873 1235 1037 1295 scenaique
1059 1216 1150 1277 decu-

51 1315 225 1375 currissent.
262 1312 405 1373 Crederes
419 1313 552 1391 profecto
566 1312 715 1373 homiuem
729 1331 880 1391 nunquam
895 1330 1014 1372 scenam
1028 1311 1148 1385 vidisse,

51 1407 207 1487 nunquam
230 1407 395 1467 comoedum
420 1418 519 1486 partes
534 1427 603 1468 suas
619 1419 755 1486 agentem
771 1407 961 1486 spectavisse.
1003 1406 1082 1474 Quid
1096 1427 1148 1466 vo-

51 1502 133 1562 luitl
153 1500 235 1580 quod
249 1520 304 1561 nec
319 1502 485 1562 Menander
498 1523 553 1563 nec
567 1503 646 1561 ullus
663 1503 834 1561 Graecorum
848 1501 928 1572 lecit,
947 1501 1101 1561 Terentius
1116 1510 1150 1560 ut

10 1622 18 1637 ³
51 1595 187 1656 faceret?
208 1605 242 1654 ut
255 1595 307 1668 ira,
322 1604 428 1668 metus,
443 1597 595 1666 exultatio,
611 1596 705 1669 dolor,
720 1595 876 1675 gaudium:
892 1606 922 1656 et
935 1596 1043 1674 quietoe
1057 1616 1104 1655 res
1118 1606 1150 1656 et

11 1682 27 1715 ⁴³
51 1692 191 1761 turbatae,
216 1689 321 1749 eodem
344 1701 436 1750 metro
460 1692 540 1752 lente
565 1691 741 1772 agerentur?
761 1701 795 1750 ut
815 1691 923 1751 tibicen
937 1691 1056 1770 paribus
1070 1691 1149 1752 tonis

18 1800 26 1845 r
50 1793 255 1864 perpetuoque
269 1784 385 1844 cantico
399 1785 598 1864 spectantium
613 1805 697 1846 aures
714 1786 759 1845 vel
779 1785 942 1848 delassaret
955 1787 1002 1846 vel
1017 1786 1150 1848 offende-

18 1892 24 1961 ’-
52 1879 123 1939 retl
163 1880 289 1938 Tantum
313 1881 408 1951 abest,
428 1891 462 1939 ut
485 1899 520 1940 eo
542 1891 630 1958 pacto
649 1880 716 1960 plus
731 1881 834 1958 gratiae
847 1873 985 1940 habitura
999 1892 1077 1940 esset
1091 1883 1149 1941 Fa·

52 1974 135 2047 bula,
156 1983 199 2044 ut,
215 1972 402 2051 quantumvis
415 1974 490 2032 bene
503 1984 627 2045 morata,
648 1968 836 2050 quantumvis
849 1974 926 2034 belle
941 1976 1061 2053 scripta,
1082 1993 1150 2052 gra·

53 2069 125 2127 tiam
140 2087 260 2146 prorsus
275 2086 390 2127 omnem
397 2065 592 2148 perdidisset.
621 2065 656 2123 ld
671 2067 756 2144 primi
770 2068 840 2124 artis
851 2077 1014 2145 repertores
1028 2069 1150 2145 pulchre

10 2154 27 2245 ἱ
53 2163 211 2233 aidebaut;
232 2161 420 2222 delectabant
434 2180 504 2239 ergo
517 2162 656 2220 varietate
670 2161 745 2240 ipsa,
759 2159 934 2239 diversaque
947 2165 1000 2234 ἢθη
1013 2166 1060 2221 καὶ
1072 2165 1148 2235 πάθη

10 2264 21 2299 ³
56 2257 172 2318 diverso
197 2257 325 2316 carmine
349 2257 611 2335 repraesentabant.
659 2252 772 2314 Marius
797 2255 977 2329 Victorinus,
1001 2278 1032 2337 p.
1057 2261 1149 2318 2500.

10 2384 28 2473 p
56 2361 63 2388 ‘
79 2355 158 2414 Nam
171 2365 201 2413 et
213 2353 378 2414 Menander
390 2353 421 2412 in
436 2352 597 2411 Comoediis
611 2352 778 2430 frequenter
792 2372 811 2412 a
824 2353 1002 2412 continuatis
1017 2354 1148 2416 iambicis

13 2474 27 2489 ··
56 2451 189 2509 versibus
203 2448 242 2508 ad
256 2448 421 2508 trochaicus
437 2448 552 2520 transit,
566 2456 597 2507 et
609 2464 724 2506 rursum
738 2446 776 2506 ad
789 2447 930 2508 iambicos
944 2448 1040 2508 redit-3
1079 2452 1149 2511 Non

10 2534 21 2581 '⁸
55 2545 96 2604 ita
109 2555 210 2603 tamen
224 2544 353 2622 agebant
366 2542 499 2613 Veteres,
519 2552 553 2601 ut
576 2543 613 2600 ab
634 2560 695 2599 uuo
718 2542 748 2599 in
769 2541 848 2601 aliud
868 2544 955 2622 plane
970 2545 1149 2605 contrarium

10 2664 15 2693 r
54 2639 340 2720 repente'exilireutz
363 2639 400 2696 ab
421 2637 553 2697 iambicis
576 2637 607 2695 in
632 2636 814 2716 dactylicos:
837 2638 890 2697 sed
914 2639 944 2696 in
967 2640 1148 2718 propinquos

54 2734 234 2807 trochaicus,
254 2735 329 2812 ipso
342 2733 467 2791 transitu
490 2751 575 2811 paene
589 2730 720 2790 fallente.
763 2732 851 2800 Quod
866 2743 900 2791 ut
912 2733 1017 2793 clarius
1030 2735 1150 2814 conspi-

53 2830 161 2900 ciatur,
182 2847 298 2887 omnam
311 2828 517 2886 Terentianam
531 2827 645 2906 copiam
665 2826 712 2885 hic
735 2827 848 2900 sistam,
868 2848 986 2908 unoque
1000 2839 1031 2888 et
1044 2829 1149 2890 eodem

51 2924 132 3002 pede
146 2923 310 2982 ditrochaeo
323 2922 490 2981 universam
505 2923 565 2981 fere
579 2922 709 2983 emetiar.

94 3017 176 3077 Illud
190 3029 288 3077 tamen
302 3017 389 3095 prius·
404 3016 643 3084 admonendumss
665 3024 699 3075 rit
721 3035 739 3074 a
762 3016 908 3075 trimetris
921 3022 1001 3076 suas'
1010 3019 1147 3091 Fabulns,

50 3116 142 3173 rebus
158 3112 365 3184 sedatioribus,
386 3121 517 3171 nostrum
538 3111 712 3176 inchoasse;
734 3111 775 3168 ita
796 3130 909 3187 semper
923 3106 1098 3172 tetrametris
1113 3115 1148 3172 a·

50 3209 157 3274 nisse;
180 3207 260 3286 quod
280 3208 401 3266 Fabulae
413 3204 610 3284 catastrophe,
630 3201 697 3265 'cum
713 3223 759 3263 res
774 3202 949 3264 turbulentae
963 3206 1104 3283 paulatim
1120 3219 1149 3269 et

50 3323 135 3382 aegre
149 3302 387 3374 consilescerent,
409 3303 466 3361 hoc
480 3300 616 3362 carminis
631 3320 724 3379 genus
738 3300 911 3380 postularet,
925 3321 1033 3380 magno
1047 3304 1150 3382 spiritu

50 3395 280 3457 effundendum.
320 3397 387 3456 Prae
401 3397 537 3456 omnibns
552 3406 649 3455 tamen
665 3396 805 3456 trochaici
820 3396 900 3474 pleni
913 3399 1026 3456 firmum
1041 3402 1149 3461 actoris

48 3494 134 3552 latus
148 3492 353 3570 requirebant;
375 3491 427 3570 qui
441 3510 591 3568 nunqnam
607 3491 719 3550 scilicet
732 3489 789 3550 nisi
808 3490 838 3549 in
853 3492 978 3550 maximo
992 3493 1150 3556 affectuum

50 3599 174 3648 tumore
189 3587 329 3654 veniunt:
349 3586 498 3658 efferendi,
512 3605 583 3656 non,
597 3597 630 3646 ut
645 3586 764 3664 quidam
779 3596 941 3659 autumant,
956 3589 1039 3647 tarde
1055 3589 1149 3649 lente·

52 3703 124 3765 qne,
140 3681 193 3742 sed
207 3683 333 3742 clamore
348 3701 472 3753 summo,
486 3700 553 3740 cum
568 3681 667 3741 labore
680 3702 829 3742 maxumo.
870 3682 957 3741 Unde
971 3684 1090 3754 factum,
1105 3693 1148 3753 ut,

52 3798 124 3841 curn
140 3777 215 3837 alias
229 3777 258 3836 iu
273 3777 385 3855 διποδίᾳ
397 3777 531 3856 spondaei
543 3778 590 3836 vel
613 3779 755 3857 anapaesti
779 3778 953 3857 placuerint,
974 3778 1003 3834 in
1028 3777 1074 3834 his
1089 3785 1148 3854 tro-

53 3873 133 3934 chaei
148 3872 195 3932 nel
208 3872 319 3952 dactyli
333 3873 432 3933 studio
446 3882 635 3952 quaerantur:

88 3992 177 4044 Credo
187 3992 306 4057 equidem
317 3992 445 4058 illumjsm
456 3991 605 4056 affuturum,
615 3999 646 4043 ut
654 3993 724 4044 illam
735 4007 751 4042 a
762 4008 802 4042 rne
813 3990 923 4054 eriplat:
953 3989 1008 4044 elne
1028 3990 1115 4042 veniat

90 4073 182 4144 Atqui,
198 4073 220 4122 si
231 4072 301 4122 illam
312 4071 394 4137 digito
406 4074 532 4137 attigerit,
543 4072 612 4124 oculi
623 4068 661 4124 illi
669 4074 740 4125 illico
751 4071 921 4123 effodiantur:
