<?xml version="1.0" encoding="UTF-8"?>
<!DOCTYPE html PUBLIC "-//W3C//DTD XHTML 1.0 Transitional//EN"
    "http://www.w3.org/TR/xhtml1/DTD/xhtml1-transitional.dtd">
<html xmlns="http://www.w3.org/1999/xhtml" xml:lang="en" lang="en">
 <head>
  <title>
</title>
<meta http-equiv="Content-Type" content="text/html;charset=utf-8" />
  <meta name='ocr-system' content='tesseract 3.04.00' />
  <meta name='ocr-capabilities' content='ocr_page ocr_carea ocr_par ocr_line ocrx_word'/>
</head>
<body>
  <div class='ocr_page' id='page_1' title='image "./comoedisex03westgoog_0273.png"; bbox 0 0 2678 4702; ppageno 0'>
   <div class='ocr_carea' id='block_1_1' title="bbox 209 314 926 395">
    <p class='ocr_par' dir='ltr' id='par_1_1' title="bbox 209 314 926 395">
     <span class='ocr_line' id='line_1_1' title="bbox 209 314 926 395; baseline -0.008 0"><span class='ocrx_word' id='word_1_1' title='bbox 209 325 275 395; x_wconf 64' lang='lat' dir='ltr'>iffi</span> <span class='ocrx_word' id='word_1_2' title='bbox 539 314 542 319; x_wconf 70' lang='grc'><em>’</em></span> <span class='ocrx_word' id='word_1_3' title='bbox 583 340 722 391; x_wconf 79' lang='lat' dir='ltr'>annum</span> <span class='ocrx_word' id='word_1_4' title='bbox 747 340 926 392; x_wconf 82' lang='lat' dir='ltr'>vnrnsuu</span> 
     </span>
    </p>
   </div>
   <div class='ocr_carea' id='block_1_2' title="bbox 371 549 1132 641">
    <p class='ocr_par' dir='ltr' id='par_1_2' title="bbox 371 549 1132 641">
     <span class='ocr_line' id='line_1_2' title="bbox 371 549 1132 641; baseline 0.008 -23"><span class='ocrx_word' id='word_1_5' title='bbox 371 549 509 619; x_wconf 89' lang='lat' dir='ltr'>Hieron.</span> <span class='ocrx_word' id='word_1_6' title='bbox 523 554 559 619; x_wconf 95' lang='lat' dir='ltr'>in</span> <span class='ocrx_word' id='word_1_7' title='bbox 574 553 750 634; x_wconf 87' lang='lat' dir='ltr'>Chronico,</span> <span class='ocrx_word' id='word_1_8' title='bbox 765 555 901 641; x_wconf 81' lang='lat' dir='ltr'>Olymp.</span> <span class='ocrx_word' id='word_1_9' title='bbox 915 558 990 622; x_wconf 78' lang='lat'>15⁵.</span> <span class='ocrx_word' id='word_1_10' title='bbox 1005 577 1081 622; x_wconf 78' lang='lat' dir='ltr'>ann.</span> <span class='ocrx_word' id='word_1_11' title='bbox 1096 560 1132 624; x_wconf 81' lang='lat'>3.</span> 
     </span>
    </p>
   </div>
   <div class='ocr_carea' id='block_1_3' title="bbox 207 683 1304 1082">
    <p class='ocr_par' dir='ltr' id='par_1_3' title="bbox 207 683 1304 1082">
     <span class='ocr_line' id='line_1_3' title="bbox 252 683 1304 773; baseline 0.003 -22"><span class='ocrx_word' id='word_1_12' title='bbox 252 683 293 752; x_wconf 89' lang='lat' dir='ltr'>P.</span> <span class='ocrx_word' id='word_1_13' title='bbox 304 687 479 753; x_wconf 89' lang='lat' dir='ltr'>Terentius</span> <span class='ocrx_word' id='word_1_14' title='bbox 501 687 796 771; x_wconf 78' lang='lat' dir='ltr'>Carthaginiensis,</span> <span class='ocrx_word' id='word_1_15' title='bbox 823 687 1072 754; x_wconf 88' lang='lat' dir='ltr'>Comoediarum</span> <span class='ocrx_word' id='word_1_16' title='bbox 1094 691 1252 773; x_wconf 84' lang='lat' dir='ltr'>scriptor,</span> <span class='ocrx_word' id='word_1_17' title='bbox 1266 692 1304 754; x_wconf 93' lang='lat' dir='ltr'>oh</span> 
     </span>
     <span class='ocr_line' id='line_1_4' title="bbox 208 788 1303 871; baseline 0.005 -15"><span class='ocrx_word' id='word_1_18' title='bbox 208 790 375 871; x_wconf 83' lang='lat' dir='ltr'>ingenium</span> <span class='ocrx_word' id='word_1_19' title='bbox 387 797 422 855; x_wconf 90' lang='lat' dir='ltr'>et</span> <span class='ocrx_word' id='word_1_20' title='bbox 435 790 577 855; x_wconf 86' lang='lat' dir='ltr'>formam</span> <span class='ocrx_word' id='word_1_21' title='bbox 591 790 748 856; x_wconf 86' lang='lat' dir='ltr'>libertate</span> <span class='ocrx_word' id='word_1_22' title='bbox 762 790 921 867; x_wconf 87' lang='lat' dir='ltr'>donatus,</span> <span class='ocrx_word' id='word_1_23' title='bbox 936 791 973 854; x_wconf 91' lang='lat' dir='ltr'>in</span> <span class='ocrx_word' id='word_1_24' title='bbox 987 788 1140 857; x_wconf 81' lang='lat' dir='ltr'>Arcadia</span> <span class='ocrx_word' id='word_1_25' title='bbox 1153 794 1303 861; x_wconf 84' lang='lat' dir='ltr'>moritur:</span> 
     </span>
     <span class='ocr_line' id='line_1_5' title="bbox 208 891 1302 978; baseline 0 -19"><span class='ocrx_word' id='word_1_26' title='bbox 208 896 268 978; x_wconf 88' lang='lat' dir='ltr'>qui</span> <span class='ocrx_word' id='word_1_27' title='bbox 278 896 418 978; x_wconf 87' lang='lat' dir='ltr'>primum</span> <span class='ocrx_word' id='word_1_28' title='bbox 427 891 599 970; x_wconf 84' lang='lat' dir='ltr'>Andriam,</span> <span class='ocrx_word' id='word_1_29' title='bbox 611 898 794 975; x_wconf 82' lang='lat' dir='ltr'>antequam</span> <span class='ocrx_word' id='word_1_30' title='bbox 805 892 975 958; x_wconf 86' lang='lat' dir='ltr'>AEdilibus</span> <span class='ocrx_word' id='word_1_31' title='bbox 986 894 1160 976; x_wconf 84' lang='lat' dir='ltr'>venderet,</span> <span class='ocrx_word' id='word_1_32' title='bbox 1170 894 1302 959; x_wconf 87' lang='lat' dir='ltr'>Caecilio</span> 
     </span>
     <span class='ocr_line' id='line_1_6' title="bbox 207 994 812 1082; baseline -0.007 -22"><span class='ocrx_word' id='word_1_33' title='bbox 207 994 351 1082; x_wconf 86' lang='lat' dir='ltr'>(Acilio)</span> <span class='ocrx_word' id='word_1_34' title='bbox 365 995 503 1061; x_wconf 91' lang='lat' dir='ltr'>multum</span> <span class='ocrx_word' id='word_1_35' title='bbox 519 1013 557 1061; x_wconf 90' lang='lat' dir='ltr'>se</span> <span class='ocrx_word' id='word_1_36' title='bbox 571 994 706 1059; x_wconf 88' lang='lat' dir='ltr'>miranti</span> <span class='ocrx_word' id='word_1_37' title='bbox 719 994 812 1077; x_wconf 91' lang='lat' dir='ltr'>legit.</span> 
     </span>
    </p>
   </div>
   <div class='ocr_carea' id='block_1_4' title="bbox 379 1160 1139 1247">
    <p class='ocr_par' dir='ltr' id='par_1_4' title="bbox 379 1160 1139 1247">
     <span class='ocr_line' id='line_1_7' title="bbox 379 1160 1139 1247; baseline 0.003 -21"><span class='ocrx_word' id='word_1_38' title='bbox 379 1160 495 1229; x_wconf 89' lang='lat' dir='ltr'>Idem:</span> <span class='ocrx_word' id='word_1_39' title='bbox 518 1162 561 1227; x_wconf 91' lang='lat' dir='ltr'>de</span> <span class='ocrx_word' id='word_1_40' title='bbox 578 1160 717 1247; x_wconf 92' lang='lat' dir='ltr'>Optimo</span> <span class='ocrx_word' id='word_1_41' title='bbox 732 1160 864 1226; x_wconf 81' lang='lat' dir='ltr'>Genera</span> <span class='ocrx_word' id='word_1_42' title='bbox 879 1160 1139 1245; x_wconf 82' lang='lat' dir='ltr'>Interpretandi.</span> 
     </span>
    </p>
   </div>
   <div class='ocr_carea' id='block_1_5' title="bbox 205 1295 1297 1688">
    <p class='ocr_par' dir='ltr' id='par_1_5' title="bbox 205 1295 1297 1688">
     <span class='ocr_line' id='line_1_8' title="bbox 248 1295 1297 1376; baseline 0.002 -14"><span class='ocrx_word' id='word_1_43' title='bbox 248 1296 431 1363; x_wconf 86' lang='lat' dir='ltr'>Terentius</span> <span class='ocrx_word' id='word_1_44' title='bbox 452 1295 684 1376; x_wconf 88' lang='lat' dir='ltr'>Menandrum,</span> <span class='ocrx_word' id='word_1_45' title='bbox 706 1295 852 1361; x_wconf 90' lang='lat' dir='ltr'>Plautus</span> <span class='ocrx_word' id='word_1_46' title='bbox 873 1302 907 1361; x_wconf 88' lang='lat' dir='ltr'>at</span> <span class='ocrx_word' id='word_1_47' title='bbox 921 1295 1083 1364; x_wconf 87' lang='lat' dir='ltr'>Caeoilius</span> <span class='ocrx_word' id='word_1_48' title='bbox 1099 1307 1228 1365; x_wconf 83' lang='lat' dir='ltr'>veteres</span> <span class='ocrx_word' id='word_1_49' title='bbox 1248 1320 1297 1366; x_wconf 90' lang='lat' dir='ltr'>eo·</span> 
     </span>
     <span class='ocr_line' id='line_1_9' title="bbox 205 1396 1296 1483; baseline 0.001 -19"><span class='ocrx_word' id='word_1_50' title='bbox 205 1400 312 1465; x_wconf 91' lang='lat' dir='ltr'>rnicos</span> <span class='ocrx_word' id='word_1_51' title='bbox 327 1397 534 1482; x_wconf 84' lang='lat' dir='ltr'>interpretati</span> <span class='ocrx_word' id='word_1_52' title='bbox 548 1404 642 1463; x_wconf 83' lang='lat' dir='ltr'>sunt:</span> <span class='ocrx_word' id='word_1_53' title='bbox 663 1396 828 1483; x_wconf 91' lang='lat' dir='ltr'>numquid</span> <span class='ocrx_word' id='word_1_54' title='bbox 843 1399 966 1465; x_wconf 84' lang='lat' dir='ltr'>haerent</span> <span class='ocrx_word' id='word_1_55' title='bbox 978 1401 1012 1464; x_wconf 90' lang='lat' dir='ltr'>in</span> <span class='ocrx_word' id='word_1_56' title='bbox 1028 1402 1168 1471; x_wconf 84' lang='lat' dir='ltr'>verbisl</span> <span class='ocrx_word' id='word_1_57' title='bbox 1191 1423 1231 1469; x_wconf 90' lang='lat' dir='ltr'>ac</span> <span class='ocrx_word' id='word_1_58' title='bbox 1243 1421 1296 1465; x_wconf 90' lang='lat' dir='ltr'>nou</span> 
     </span>
     <span class='ocr_line' id='line_1_10' title="bbox 205 1500 1292 1594; baseline 0 -28"><span class='ocrx_word' id='word_1_59' title='bbox 205 1501 361 1567; x_wconf 87' lang='lat' dir='ltr'>decorem</span> <span class='ocrx_word' id='word_1_60' title='bbox 390 1502 495 1584; x_wconf 90' lang='lat' dir='ltr'>magis</span> <span class='ocrx_word' id='word_1_61' title='bbox 520 1504 555 1565; x_wconf 89' lang='lat' dir='ltr'>et</span> <span class='ocrx_word' id='word_1_62' title='bbox 579 1500 778 1584; x_wconf 89' lang='lat' dir='ltr'>elegantiam</span> <span class='ocrx_word' id='word_1_63' title='bbox 801 1500 836 1564; x_wconf 94' lang='lat' dir='ltr'>in</span> <span class='ocrx_word' id='word_1_64' title='bbox 857 1502 1073 1594; x_wconf 87' lang='lat' dir='ltr'>translatione</span> <span class='ocrx_word' id='word_1_65' title='bbox 1097 1509 1292 1583; x_wconf 87' lang='lat' dir='ltr'>conservant,</span> 
     </span>
     <span class='ocr_line' id='line_1_11' title="bbox 207 1601 817 1688; baseline -0.002 -20"><span class='ocrx_word' id='word_1_66' title='bbox 207 1623 309 1688; x_wconf 91' lang='lat' dir='ltr'>quam</span> <span class='ocrx_word' id='word_1_67' title='bbox 323 1604 500 1669; x_wconf 84' lang='lat' dir='ltr'>veritatem</span> <span class='ocrx_word' id='word_1_68' title='bbox 513 1601 817 1686; x_wconf 80' lang='lat' dir='ltr'>interpretationisi</span> 
     </span>
    </p>
   </div>
   <div class='ocr_carea' id='block_1_6' title="bbox 454 1765 1055 1848">
    <p class='ocr_par' dir='ltr' id='par_1_6' title="bbox 454 1765 1055 1848">
     <span class='ocr_line' id='line_1_12' title="bbox 454 1765 1055 1848; baseline 0.007 -13"><span class='ocrx_word' id='word_1_69' title='bbox 454 1768 561 1848; x_wconf 91' lang='lat' dir='ltr'>Idem,</span> <span class='ocrx_word' id='word_1_70' title='bbox 582 1769 626 1836; x_wconf 91' lang='lat' dir='ltr'>ad</span> <span class='ocrx_word' id='word_1_71' title='bbox 648 1769 787 1839; x_wconf 84' lang='lat' dir='ltr'>Sunium</span> <span class='ocrx_word' id='word_1_72' title='bbox 808 1776 844 1837; x_wconf 89' lang='lat' dir='ltr'>et</span> <span class='ocrx_word' id='word_1_73' title='bbox 866 1765 1055 1839; x_wconf 84' lang='lat' dir='ltr'>Fretellam.</span> 
     </span>
    </p>
   </div>
   <div class='ocr_carea' id='block_1_7' title="bbox 204 1900 1333 2395">
    <p class='ocr_par' dir='ltr' id='par_1_7' title="bbox 204 1900 1333 2395">
     <span class='ocr_line' id='line_1_13' title="bbox 249 1900 1333 1987; baseline 0.002 -20"><span class='ocrx_word' id='word_1_74' title='bbox 249 1900 351 1969; x_wconf 86' lang='lat' dir='ltr'>Hanc</span> <span class='ocrx_word' id='word_1_75' title='bbox 373 1902 619 1985; x_wconf 69' lang='lat' dir='ltr'>esser-regulam</span> <span class='ocrx_word' id='word_1_76' title='bbox 633 1902 715 1968; x_wconf 93' lang='lat' dir='ltr'>boni</span> <span class='ocrx_word' id='word_1_77' title='bbox 737 1902 938 1987; x_wconf 86' lang='lat' dir='ltr'>interpretis,</span> <span class='ocrx_word' id='word_1_78' title='bbox 954 1907 999 1967; x_wconf 87' lang='lat' dir='ltr'>ut</span> <span class='ocrx_word' id='word_1_79' title='bbox 1018 1902 1152 1970; x_wconf 91' lang='lat' dir='ltr'>idioma</span> <span class='ocrx_word' id='word_1_80' title='bbox 1173 1902 1289 1971; x_wconf 83' lang='lat' dir='ltr'>alterim</span> <span class='ocrx_word' id='word_1_81' title='bbox 1325 1947 1333 1987; x_wconf 58' lang='grc' dir='ltr'>ς</span> 
     </span>
     <span class='ocr_line' id='line_1_14' title="bbox 205 1993 1333 2090; baseline -0.001 -19"><span class='ocrx_word' id='word_1_82' title='bbox 205 2005 330 2088; x_wconf 87' lang='lat' dir='ltr'>linguae</span> <span class='ocrx_word' id='word_1_83' title='bbox 344 2025 418 2070; x_wconf 85' lang='lat' dir='ltr'>snae</span> <span class='ocrx_word' id='word_1_84' title='bbox 432 2005 556 2087; x_wconf 81' lang='lat' dir='ltr'>linguae</span> <span class='ocrx_word' id='word_1_85' title='bbox 578 2007 748 2089; x_wconf 82' lang='lat' dir='ltr'>exprimat</span> <span class='ocrx_word' id='word_1_86' title='bbox 769 2006 989 2089; x_wconf 88' lang='lat' dir='ltr'>proprietate:</span> <span class='ocrx_word' id='word_1_87' title='bbox 1012 2006 1106 2089; x_wconf 94' lang='lat' dir='ltr'>quod</span> <span class='ocrx_word' id='word_1_88' title='bbox 1124 2007 1255 2090; x_wconf 91' lang='lat' dir='ltr'>quidem</span> <span class='ocrx_word' id='word_1_89' title='bbox 1266 2013 1289 2070; x_wconf 89' lang='lat' dir='ltr'>et</span> <span class='ocrx_word' id='word_1_90' title='bbox 1325 1993 1333 2009; x_wconf 54' lang='lat'>⁸</span> 
     </span>
     <span class='ocr_line' id='line_1_15' title="bbox 205 2096 1333 2196; baseline 0 -23"><span class='ocrx_word' id='word_1_91' title='bbox 205 2104 353 2173; x_wconf 79' lang='lat' dir='ltr'>&#39;l&#39;nllium</span> <span class='ocrx_word' id='word_1_92' title='bbox 375 2108 410 2172; x_wconf 94' lang='lat' dir='ltr'>in</span> <span class='ocrx_word' id='word_1_93' title='bbox 424 2106 611 2189; x_wconf 86' lang='lat' dir='ltr'>Protagora</span> <span class='ocrx_word' id='word_1_94' title='bbox 634 2106 801 2184; x_wconf 85' lang='lat' dir='ltr'>Platonis,</span> <span class='ocrx_word' id='word_1_95' title='bbox 825 2105 915 2171; x_wconf 88' lang='lat' dir='ltr'>etin</span> <span class='ocrx_word' id='word_1_96' title='bbox 937 2096 1166 2173; x_wconf 87' lang='lat' dir='ltr'>OEconomioo</span> <span class='ocrx_word' id='word_1_97' title='bbox 1188 2107 1289 2173; x_wconf 85' lang='lat' dir='ltr'>Xeno</span> <span class='ocrx_word' id='word_1_98' title='bbox 1331 2181 1333 2196; x_wconf 40' lang='grc' dir='ltr'>Ι</span> 
     </span>
     <span class='ocr_line' id='line_1_16' title="bbox 204 2204 1289 2294; baseline 0.002 -22"><span class='ocrx_word' id='word_1_99' title='bbox 204 2204 351 2294; x_wconf 88' lang='lat' dir='ltr'>phontis,</span> <span class='ocrx_word' id='word_1_100' title='bbox 372 2209 405 2271; x_wconf 89' lang='lat' dir='ltr'>et</span> <span class='ocrx_word' id='word_1_101' title='bbox 425 2207 461 2271; x_wconf 90' lang='lat' dir='ltr'>in</span> <span class='ocrx_word' id='word_1_102' title='bbox 482 2207 714 2271; x_wconf 87' lang='lat' dir='ltr'>Demosthenis</span> <span class='ocrx_word' id='word_1_103' title='bbox 736 2210 851 2272; x_wconf 89' lang='lat' dir='ltr'>contra</span> <span class='ocrx_word' id='word_1_104' title='bbox 871 2206 1064 2273; x_wconf 87' lang='lat' dir='ltr'>AEschinem</span> <span class='ocrx_word' id='word_1_105' title='bbox 1087 2211 1237 2275; x_wconf 87' lang='lat' dir='ltr'>oratione</span> <span class='ocrx_word' id='word_1_106' title='bbox 1255 2211 1289 2274; x_wconf 81' lang='lat' dir='ltr'>fe</span> 
     </span>
     <span class='ocr_line' id='line_1_17' title="bbox 206 2307 1288 2395; baseline 0.002 -22"><span class='ocrx_word' id='word_1_107' title='bbox 206 2308 293 2374; x_wconf 89' lang='lat' dir='ltr'>cisse</span> <span class='ocrx_word' id='word_1_108' title='bbox 315 2307 554 2383; x_wconf 90' lang='lat' dir='ltr'>convincimus,</span> <span class='ocrx_word' id='word_1_109' title='bbox 580 2313 615 2372; x_wconf 91' lang='lat' dir='ltr'>et</span> <span class='ocrx_word' id='word_1_110' title='bbox 637 2307 1027 2389; x_wconf 80' lang='lat' dir='ltr'>Plautum‚&#39;1&#39;erentium,</span> <span class='ocrx_word' id='word_1_111' title='bbox 1050 2310 1288 2395; x_wconf 81' lang='lat' dir='ltr'>caeciliumque,</span> 
     </span>
    </p>
   </div>
   <div class='ocr_carea' id='block_1_8' title="bbox 205 2408 1328 2505">
    <p class='ocr_par' dir='ltr' id='par_1_8' title="bbox 205 2408 1328 2505">
     <span class='ocr_line' id='line_1_18' title="bbox 205 2408 1328 2505; baseline 0.002 -30"><span class='ocrx_word' id='word_1_112' title='bbox 205 2409 446 2475; x_wconf 90' lang='lat' dir='ltr'>eruditissimos</span> <span class='ocrx_word' id='word_1_113' title='bbox 460 2409 553 2474; x_wconf 88' lang='lat' dir='ltr'>viros</span> <span class='ocrx_word' id='word_1_114' title='bbox 568 2410 602 2475; x_wconf 93' lang='lat' dir='ltr'>in</span> <span class='ocrx_word' id='word_1_115' title='bbox 616 2408 750 2476; x_wconf 85' lang='lat' dir='ltr'>Graecis</span> <span class='ocrx_word' id='word_1_116' title='bbox 767 2409 956 2476; x_wconf 87' lang='lat' dir='ltr'>Comoediis</span> <span class='ocrx_word' id='word_1_117' title='bbox 969 2413 1220 2479; x_wconf 86' lang='lat' dir='ltr'>transferendis.</span> <span class='ocrx_word' id='word_1_118' title='bbox 1325 2484 1328 2505; x_wconf 39' lang='grc' dir='ltr'>Ι</span> 
     </span>
    </p>
   </div>
   <div class='ocr_carea' id='block_1_9' title="bbox 570 2561 942 2642">
    <p class='ocr_par' dir='ltr' id='par_1_9' title="bbox 570 2561 942 2642">
     <span class='ocr_line' id='line_1_19' title="bbox 570 2561 942 2642; baseline 0 -15"><span class='ocrx_word' id='word_1_119' title='bbox 570 2561 677 2642; x_wconf 90' lang='lat' dir='ltr'>Idem,</span> <span class='ocrx_word' id='word_1_120' title='bbox 693 2561 738 2629; x_wconf 91' lang='lat' dir='ltr'>ad</span> <span class='ocrx_word' id='word_1_121' title='bbox 752 2561 942 2630; x_wconf 88' lang='lat' dir='ltr'>Paulinum.</span> 
     </span>
    </p>
   </div>
   <div class='ocr_carea' id='block_1_10' title="bbox 204 2677 1333 3172">
    <p class='ocr_par' dir='ltr' id='par_1_10' title="bbox 204 2677 1333 3172">
     <span class='ocr_line' id='line_1_20' title="bbox 249 2677 1289 2769; baseline 0.01 -26"><span class='ocrx_word' id='word_1_122' title='bbox 249 2677 367 2744; x_wconf 90' lang='lat' dir='ltr'>Habet</span> <span class='ocrx_word' id='word_1_123' title='bbox 391 2682 649 2767; x_wconf 90' lang='lat' dir='ltr'>unumquodque</span> <span class='ocrx_word' id='word_1_124' title='bbox 671 2685 881 2768; x_wconf 90' lang='lat' dir='ltr'>propositum</span> <span class='ocrx_word' id='word_1_125' title='bbox 902 2684 1075 2769; x_wconf 86' lang='lat' dir='ltr'>principes</span> <span class='ocrx_word' id='word_1_126' title='bbox 1097 2706 1192 2753; x_wconf 84' lang='lat' dir='ltr'>suos.</span> <span class='ocrx_word' id='word_1_127' title='bbox 1236 2685 1289 2752; x_wconf 68' lang='lat' dir='ltr'>Pto</span> 
     </span>
     <span class='ocr_line' id='line_1_21' title="bbox 205 2781 1289 2877; baseline 0.005 -31"><span class='ocrx_word' id='word_1_128' title='bbox 205 2782 293 2846; x_wconf 88' lang='lat' dir='ltr'>mani</span> <span class='ocrx_word' id='word_1_129' title='bbox 315 2781 419 2845; x_wconf 89' lang='lat' dir='ltr'>duces</span> <span class='ocrx_word' id='word_1_130' title='bbox 440 2783 611 2848; x_wconf 89' lang='lat' dir='ltr'>imitentur</span> <span class='ocrx_word' id='word_1_131' title='bbox 637 2783 810 2865; x_wconf 85' lang='lat' dir='ltr'>Camillos,</span> <span class='ocrx_word' id='word_1_132' title='bbox 833 2786 1020 2865; x_wconf 84' lang='lat' dir='ltr'>Fabricios,</span> <span class='ocrx_word' id='word_1_133' title='bbox 1043 2787 1211 2877; x_wconf 74' lang='lat' dir='ltr'>Regulps</span> <span class='ocrx_word' id='word_1_134' title='bbox 1231 2789 1289 2858; x_wconf 85' lang='lat' dir='ltr'>Sci·</span> 
     </span>
     <span class='ocr_line' id='line_1_22' title="bbox 204 2881 1288 2971; baseline 0.006 -25"><span class='ocrx_word' id='word_1_135' title='bbox 204 2881 346 2966; x_wconf 85' lang='lat' dir='ltr'>piones:</span> <span class='ocrx_word' id='word_1_136' title='bbox 369 2883 561 2968; x_wconf 88' lang='lat' dir='ltr'>philosophi</span> <span class='ocrx_word' id='word_1_137' title='bbox 575 2892 765 2971; x_wconf 91' lang='lat' dir='ltr'>proponant</span> <span class='ocrx_word' id='word_1_138' title='bbox 780 2886 847 2951; x_wconf 92' lang='lat' dir='ltr'>sibi</span> <span class='ocrx_word' id='word_1_139' title='bbox 862 2887 1100 2971; x_wconf 87' lang='lat' dir='ltr'>Pythagoram,</span> <span class='ocrx_word' id='word_1_140' title='bbox 1122 2890 1288 2964; x_wconf 87' lang='lat' dir='ltr'>Socraten,</span> 
     </span>
     <span class='ocr_line' id='line_1_23' title="bbox 206 2984 1333 3070; baseline 0.007 -19"><span class='ocrx_word' id='word_1_141' title='bbox 206 2986 394 3064; x_wconf 88' lang='lat' dir='ltr'>Platonem,</span> <span class='ocrx_word' id='word_1_142' title='bbox 408 2984 641 3052; x_wconf 82' lang='lat' dir='ltr'>Aristotelem:</span> <span class='ocrx_word' id='word_1_143' title='bbox 665 2985 787 3052; x_wconf 78' lang='lat' dir='ltr'>Poiitae</span> <span class='ocrx_word' id='word_1_144' title='bbox 803 2989 1000 3054; x_wconf 87' lang='lat' dir='ltr'>aemulentur</span> <span class='ocrx_word' id='word_1_145' title='bbox 1015 2988 1216 3070; x_wconf 91' lang='lat' dir='ltr'>Homerum,</span> <span class='ocrx_word' id='word_1_146' title='bbox 1228 2989 1288 3055; x_wconf 87' lang='lat' dir='ltr'>Vir·</span> <span class='ocrx_word' id='word_1_147' title='bbox 1327 2996 1333 3059; x_wconf 94' lang='grc' dir='ltr'>Ι</span> 
     </span>
     <span class='ocr_line' id='line_1_24' title="bbox 204 3088 805 3172; baseline -0.002 -19"><span class='ocrx_word' id='word_1_148' title='bbox 204 3089 330 3172; x_wconf 89' lang='lat' dir='ltr'>gilium,</span> <span class='ocrx_word' id='word_1_149' title='bbox 347 3088 585 3168; x_wconf 87' lang='lat' dir='ltr'>Menandrum,</span> <span class='ocrx_word' id='word_1_150' title='bbox 599 3089 805 3154; x_wconf 86' lang='lat' dir='ltr'>Terentium.</span> 
     </span>
    </p>
   </div>
   <div class='ocr_carea' id='block_1_11' title="bbox 446 3244 1059 3333">
    <p class='ocr_par' dir='ltr' id='par_1_11' title="bbox 446 3244 1059 3333">
     <span class='ocr_line' id='line_1_25' title="bbox 446 3244 1059 3333; baseline 0.007 -23"><span class='ocrx_word' id='word_1_151' title='bbox 446 3244 579 3312; x_wconf 87' lang='lat' dir='ltr'>Paulus</span> <span class='ocrx_word' id='word_1_152' title='bbox 594 3245 750 3326; x_wconf 88' lang='lat' dir='ltr'>Orosius,</span> <span class='ocrx_word' id='word_1_153' title='bbox 769 3247 829 3312; x_wconf 89' lang='lat' dir='ltr'>lib.</span> <span class='ocrx_word' id='word_1_154' title='bbox 845 3263 895 3312; x_wconf 79' lang='grc' dir='ltr'>ιν.</span> <span class='ocrx_word' id='word_1_155' title='bbox 911 3268 988 3333; x_wconf 89' lang='lat' dir='ltr'>cap.</span> <span class='ocrx_word' id='word_1_156' title='bbox 1005 3249 1059 3315; x_wconf 88' lang='grc'>19.</span> 
     </span>
    </p>
   </div>
   <div class='ocr_carea' id='block_1_12' title="bbox 203 3355 1333 3833">
    <p class='ocr_par' dir='ltr' id='par_1_12' title="bbox 203 3355 1333 3833">
     <span class='ocr_line' id='line_1_26' title="bbox 248 3355 1333 3449; baseline 0.003 -25"><span class='ocrx_word' id='word_1_157' title='bbox 248 3359 367 3444; x_wconf 91' lang='lat' dir='ltr'>Scipio</span> <span class='ocrx_word' id='word_1_158' title='bbox 384 3363 458 3447; x_wconf 87' lang='lat' dir='ltr'>jam</span> <span class='ocrx_word' id='word_1_159' title='bbox 473 3368 554 3427; x_wconf 94' lang='lat' dir='ltr'>tunc</span> <span class='ocrx_word' id='word_1_160' title='bbox 569 3371 791 3444; x_wconf 88' lang='lat' dir='ltr'>cognomento</span> <span class='ocrx_word' id='word_1_161' title='bbox 806 3362 1003 3443; x_wconf 86' lang='lat' dir='ltr'>Africanus,</span> <span class='ocrx_word' id='word_1_162' title='bbox 1024 3362 1237 3449; x_wconf 88' lang='lat' dir='ltr'>triumphans</span> <span class='ocrx_word' id='word_1_163' title='bbox 1249 3385 1289 3429; x_wconf 88' lang='lat' dir='ltr'>ur·</span> <span class='ocrx_word' id='word_1_164' title='bbox 1330 3355 1333 3362; x_wconf 69' lang='grc'><strong><em>’</em></strong></span> 
     </span>
     <span class='ocr_line' id='line_1_27' title="bbox 204 3454 1308 3550; baseline 0.005 -26"><span class='ocrx_word' id='word_1_165' title='bbox 204 3460 282 3525; x_wconf 93' lang='lat' dir='ltr'>hem</span> <span class='ocrx_word' id='word_1_166' title='bbox 306 3463 478 3544; x_wconf 86' lang='lat' dir='ltr'>ingressus</span> <span class='ocrx_word' id='word_1_167' title='bbox 501 3470 566 3541; x_wconf 90' lang='lat' dir='ltr'>est,</span> <span class='ocrx_word' id='word_1_168' title='bbox 588 3481 688 3546; x_wconf 90' lang='lat' dir='ltr'>quem</span> <span class='ocrx_word' id='word_1_169' title='bbox 703 3464 893 3538; x_wconf 84' lang='lat' dir='ltr'>Terentius,</span> <span class='ocrx_word' id='word_1_170' title='bbox 918 3463 977 3548; x_wconf 89' lang='lat' dir='ltr'>qui</span> <span class='ocrx_word' id='word_1_171' title='bbox 999 3473 1122 3550; x_wconf 87' lang='lat' dir='ltr'>postea</span> <span class='ocrx_word' id='word_1_172' title='bbox 1145 3454 1308 3540; x_wconf 74' lang='lat' dir='ltr'>comicus,</span> 
     </span>
     <span class='ocr_line' id='line_1_28' title="bbox 203 3564 1333 3653; baseline 0.006 -25"><span class='ocrx_word' id='word_1_173' title='bbox 203 3582 250 3628; x_wconf 86' lang='lat' dir='ltr'>ex</span> <span class='ocrx_word' id='word_1_174' title='bbox 263 3564 432 3630; x_wconf 91' lang='lat' dir='ltr'>nobilibus</span> <span class='ocrx_word' id='word_1_175' title='bbox 454 3564 772 3649; x_wconf 88' lang='lat' dir='ltr'>Carthaginiensium</span> <span class='ocrx_word' id='word_1_176' title='bbox 794 3567 941 3649; x_wconf 80' lang='lat' dir='ltr'>captivis</span> <span class='ocrx_word' id='word_1_177' title='bbox 962 3568 1124 3651; x_wconf 88' lang='lat' dir='ltr'>pileatus,</span> <span class='ocrx_word' id='word_1_178' title='bbox 1145 3570 1235 3653; x_wconf 90' lang='lat' dir='ltr'>quod</span> <span class='ocrx_word' id='word_1_179' title='bbox 1254 3570 1289 3646; x_wconf 86' lang='lat' dir='ltr'>iu·</span> <span class='ocrx_word' id='word_1_180' title='bbox 1331 3619 1333 3623; x_wconf 76' lang='lat'><em>.</em></span> 
     </span>
     <span class='ocr_line' id='line_1_29' title="bbox 204 3663 1333 3751; baseline 0.002 -22"><span class='ocrx_word' id='word_1_181' title='bbox 204 3663 307 3731; x_wconf 81' lang='lat' dir='ltr'>duliae</span> <span class='ocrx_word' id='word_1_182' title='bbox 323 3666 388 3730; x_wconf 90' lang='lat' dir='ltr'>sihi</span> <span class='ocrx_word' id='word_1_183' title='bbox 399 3666 564 3733; x_wconf 85' lang='lat' dir='ltr'>libertatis</span> <span class='ocrx_word' id='word_1_184' title='bbox 579 3668 706 3751; x_wconf 89' lang='lat' dir='ltr'>insigne</span> <span class='ocrx_word' id='word_1_185' title='bbox 720 3668 794 3746; x_wconf 85' lang='lat' dir='ltr'>fuit,</span> <span class='ocrx_word' id='word_1_186' title='bbox 810 3668 1068 3751; x_wconf 85' lang='lat' dir='ltr'>triumphantem</span> <span class='ocrx_word' id='word_1_187' title='bbox 1083 3676 1166 3751; x_wconf 89' lang='lat' dir='ltr'>post</span> <span class='ocrx_word' id='word_1_188' title='bbox 1176 3682 1289 3737; x_wconf 82' lang='lat' dir='ltr'>currunt</span> <span class='ocrx_word' id='word_1_189' title='bbox 1331 3673 1333 3678; x_wconf 80' lang='grc'>’</span> 
     </span>
     <span class='ocr_line' id='line_1_30' title="bbox 205 3772 420 3833; baseline 0 -1"><span class='ocrx_word' id='word_1_190' title='bbox 205 3772 343 3833; x_wconf 85' lang='lat' dir='ltr'>secutus</span> <span class='ocrx_word' id='word_1_191' title='bbox 358 3774 420 3833; x_wconf 88' lang='lat' dir='ltr'>est.</span> 
     </span>
    </p>
   </div>
   <div class='ocr_carea' id='block_1_13' title="bbox 206 3906 1291 4210">
    <p class='ocr_par' dir='ltr' id='par_1_13' title="bbox 206 3906 1291 4210">
     <span class='ocr_line' id='line_1_31' title="bbox 206 3906 1291 3973; baseline 0.002 -18"><span class='ocrx_word' id='word_1_192' title='bbox 206 3906 303 3969; x_wconf 83' lang='lat' dir='ltr'>Livius,</span> <span class='ocrx_word' id='word_1_193' title='bbox 317 3909 363 3958; x_wconf 89' lang='lat' dir='ltr'>lib.</span> <span class='ocrx_word' id='word_1_194' title='bbox 375 3922 445 3959; x_wconf 84' lang='lat' dir='ltr'>xxx.</span> <span class='ocrx_word' id='word_1_195' title='bbox 457 3923 508 3959; x_wconf 91' lang='lat' dir='ltr'>non</span> <span class='ocrx_word' id='word_1_196' title='bbox 519 3909 643 3960; x_wconf 91' lang='lat' dir='ltr'>comicum</span> <span class='ocrx_word' id='word_1_197' title='bbox 656 3911 723 3961; x_wconf 91' lang='lat' dir='ltr'>hunc</span> <span class='ocrx_word' id='word_1_198' title='bbox 735 3909 868 3973; x_wconf 86' lang='lat' dir='ltr'>intelligit,</span> <span class='ocrx_word' id='word_1_199' title='bbox 884 3909 929 3959; x_wconf 88' lang='lat' dir='ltr'>sed</span> <span class='ocrx_word' id='word_1_200' title='bbox 949 3909 982 3959; x_wconf 89' lang='lat' dir='ltr'>ad</span> <span class='ocrx_word' id='word_1_201' title='bbox 992 3911 1146 3962; x_wconf 83' lang='lat' dir='ltr'>Terentium</span> <span class='ocrx_word' id='word_1_202' title='bbox 1158 3913 1291 3964; x_wconf 85' lang='lat' dir='ltr'>Culleonem</span> 
     </span>
     <span class='ocr_line' id='line_1_32' title="bbox 236 3987 1291 4058; baseline 0.002 -24"><span class='ocrx_word' id='word_1_203' title='bbox 236 3995 383 4038; x_wconf 80' lang='lat' dir='ltr'>senatorem</span> <span class='ocrx_word' id='word_1_204' title='bbox 395 3989 468 4041; x_wconf 84' lang='lat' dir='ltr'>Rom.</span> <span class='ocrx_word' id='word_1_205' title='bbox 480 3987 573 4051; x_wconf 85' lang='lat' dir='ltr'>refert,</span> <span class='ocrx_word' id='word_1_206' title='bbox 590 3989 634 4052; x_wconf 86' lang='lat' dir='ltr'>qui</span> <span class='ocrx_word' id='word_1_207' title='bbox 646 3990 715 4052; x_wconf 91' lang='lat' dir='ltr'>pileo</span> <span class='ocrx_word' id='word_1_208' title='bbox 734 3990 816 4054; x_wconf 89' lang='lat' dir='ltr'>capiti</span> <span class='ocrx_word' id='word_1_209' title='bbox 835 3990 955 4054; x_wconf 87' lang='lat' dir='ltr'>imposito</span> <span class='ocrx_word' id='word_1_210' title='bbox 974 3996 1080 4041; x_wconf 88' lang='lat' dir='ltr'>secutus</span> <span class='ocrx_word' id='word_1_211' title='bbox 1098 4001 1143 4047; x_wconf 84' lang='lat' dir='ltr'>est</span> <span class='ocrx_word' id='word_1_212' title='bbox 1158 3993 1291 4058; x_wconf 78' lang='lat' dir='ltr'>Scipionem</span> 
     </span>
     <span class='ocr_line' id='line_1_33' title="bbox 238 4065 1290 4136; baseline 0.008 -24"><span class='ocrx_word' id='word_1_213' title='bbox 238 4065 455 4136; x_wconf 75' lang='lat' dir='ltr'>triumphantem:</span> <span class='ocrx_word' id='word_1_214' title='bbox 473 4073 546 4118; x_wconf 83' lang='lat' dir='ltr'>certe</span> <span class='ocrx_word' id='word_1_215' title='bbox 558 4067 592 4116; x_wconf 90' lang='lat' dir='ltr'>de</span> <span class='ocrx_word' id='word_1_216' title='bbox 603 4067 730 4119; x_wconf 81' lang='lat' dir='ltr'>alterutro</span> <span class='ocrx_word' id='word_1_217' title='bbox 740 4070 894 4123; x_wconf 82' lang='lat' dir='ltr'>Quintiliani</span> <span class='ocrx_word' id='word_1_218' title='bbox 904 4071 1070 4122; x_wconf 74' lang='lat' dir='ltr'>etiamdocus</span> <span class='ocrx_word' id='word_1_219' title='bbox 1087 4087 1123 4125; x_wconf 84' lang='lat' dir='ltr'>ex</span> <span class='ocrx_word' id='word_1_220' title='bbox 1133 4074 1290 4126; x_wconf 62' lang='lat' dir='ltr'>nectamur.</span> 
     </span>
     <span class='ocr_line' id='line_1_34' title="bbox 229 4141 1227 4210; baseline 0.015 -18"><span class='ocrx_word' id='word_1_221' title='bbox 229 4141 422 4209; x_wconf 69' lang='lat' dir='ltr'>&#39;intelligendus</span> <span class='ocrx_word' id='word_1_222' title='bbox 433 4153 483 4198; x_wconf 87' lang='lat' dir='ltr'>est.</span> <span class='ocrx_word' id='word_1_223' title='bbox 500 4143 697 4210; x_wconf 63' lang='lat' dir='ltr'>lindenbrogius.</span> <span class='ocrx_word' id='word_1_224' title='bbox 1223 4145 1227 4151; x_wconf 63' lang='grc'>’</span> 
     </span>
    </p>
   </div>
   <div class='ocr_carea' id='block_1_14' title="bbox 0 0 1344 4702">
    <p class='ocr_par' dir='ltr' id='par_1_14' title="bbox 0 0 1344 4702">
     <span class='ocr_line' id='line_1_35' title="bbox 0 0 1344 4702; baseline 0 1"><span class='ocrx_word' id='word_1_225' title='bbox 0 0 1344 4702; x_wconf 95' lang='lat' dir='ltr'> </span> 
     </span>
    </p>
   </div>
  </div>
 </body>
</html>
