2678 4702
204 267 271 334 236
535 281 727 330 nicaenus
752 279 966 330 nnnrnnrus
992 263 996 271 ’

196 421 341 498 siugulis,
369 420 529 480 scandatur
555 420 706 489 iambicus,
727 430 814 479 vetus
841 419 1008 479 institutum
1033 421 1105 480 est.'
1155 422 1194 481 Et
1213 441 1283 482 mor:

206 515 315 574 ‘Unde
336 524 457 593 apparet
479 514 629 574 heroicum
646 514 771 591 singulis
785 513 910 592 pedibus
925 515 1031 573 scandi
1044 516 1138 576 etiam
1153 516 1231 596 apud
1241 517 1284 574 Ve-

205 621 282 671 teres
296 610 426 681 solitum,
442 611 576 669 lembum
589 620 688 669 autem
701 609 798 670 binis?
838 610 952 670 Marius
966 611 1155 683 Victorinus,
1168 633 1200 691 p.
1213 614 1284 671 2497.

206 705 284 766 ‘Per
298 705 510 784 Monopodiam
521 704 587 764 sola
600 704 756 784 Dactylica
770 704 972 774 scanduntur;
993 725 1047 784 per
1061 705 1224 785 Dipodism
1235 725 1287 766 reru

206 801 322 860 cetera!
365 800 498 860 Nescivit
518 800 567 860 hic
592 800 773 861 Bacchiacos
791 811 821 861 et
836 801 978 872 creticos,
1000 820 1080 880 quos
1096 803 1187 862 etiam
1201 802 1287 861 Moru

206 895 296 973 podia
320 895 480 957 dimetitur.
519 895 691 967 Diomedes,
705 915 735 973 p.
750 897 819 955 503.
842 895 977 955 ‘Feritur
999 898 1139 958 senarius
1165 897 1287 959 iambicus

207 989 381 1051 combinatis
394 990 519 1071 pedibus
533 989 596 1050 ter!
636 990 829 1051 Terentianus
843 988 978 1063 Maurus,
991 1010 1022 1071 p.
1036 994 1132 1054 2432.

408 1103 528 1160 lembus
543 1103 606 1180 ipse
620 1121 672 1162 sex
684 1100 762 1163 enim
774 1101 850 1162 lucis
864 1114 973 1174 manet,

409 1197 447 1255 Et
459 1196 529 1256 inde
542 1215 650 1256 nomen
663 1195 787 1255 inditum
801 1206 848 1255 est
861 1198 995 1257 senario:

408 1291 470 1352 Sed
483 1302 528 1351 ter
540 1292 648 1361 seritur,
661 1291 729 1349 hinc
742 1291 891 1350 trimetrus
905 1291 1032 1359 dicitur3

407 1386 586 1448 Scandeudo
600 1387 684 1446 binos
697 1387 777 1466 quod
791 1385 883 1465 pedes
897 1386 1118 1466 conjungimus.

210 1511 290 1570 lctus
315 1507 471 1570 Percussio
495 1507 617 1576 dicimur
640 1506 711 1586 quia
734 1508 853 1581 tibicen,
878 1506 948 1566 dum
962 1507 1134 1588 rhythmum
1149 1520 1182 1570 et
1196 1519 1292 1590 tempus

209 1606 427 1677 moderabatur,
446 1613 491 1663 ter
509 1605 538 1663 in
552 1604 706 1673 Trimetro,
726 1613 831 1681 quater
852 1604 881 1662 iu
895 1604 1091 1674 Tetrametro,
1113 1605 1212 1664 solum
1231 1605 1292 1686 pede

210 1698 351 1758 feriebat:
365 1700 469 1776 'Apso
483 1710 580 1758 autem
596 1698 657 1756 sive
680 1697 814 1757 Elevatio
837 1697 1023 1775 appellatum
1045 1697 1129 1778 quod
1153 1701 1184 1759 in
1206 1700 1293 1760 iisdem

212 1792 344 1872 syllabis,
368 1792 475 1869 quibus
489 1791 596 1851 tibicen
611 1791 716 1869 pedem
731 1792 983 1865 accommodabat,
1003 1803 1088 1854 actor
1102 1814 1208 1854 vocem
1222 1815 1294 1855 acue·

210 1888 264 1946 bat
277 1906 312 1946 ac
326 1887 459 1947 tollebat.
500 1887 535 1945 Iu
550 1886 637 1946 Thesi
651 1895 749 1944 autem
775 1896 845 1946 sunt
868 1897 974 1946 ceterae
1000 1887 1136 1966 syllabae,
1163 1911 1229 1967 quae
1247 1892 1294 1949 ictu

211 1981 362 2042 destitutas
376 1982 471 2042 minus
484 1981 594 2041 idcirco
608 1979 775 2040 audiuntur.
817 1980 881 2039 Hcs
895 1982 971 2041 ictus
987 1983 1049 2041 sive
1073 1987 1182 2060 ἄρσεις,
1203 1984 1294 2062 magun

213 2076 387 2137 discentium
400 2075 566 2148 commodo,
589 2095 643 2134 nos
663 2074 748 2152 primi
770 2074 800 2132 in
824 2084 927 2134 nostra
950 2075 1080 2137 editione
1103 2099 1157 2157 per
1172 2092 1295 2140 accentus

214 2181 317 2230 acutos
331 2171 538 2249 expressimus,
559 2178 618 2229 tres
635 2170 665 2227 in
679 2169 839 2243 Trimetris,
853 2180 980 2248 quatuor
993 2171 1024 2229 in
1037 2173 1247 2234 Tetrametris:

294 2280 387 2340 Poeta
401 2301 468 2339 cum
483 2281 605 2360 primum
620 2279 747 2340 animum
763 2282 801 2341 ad
821 2281 1007 2342 scribendum
1022 2281 1150 2364 appulit,

294 2376 329 2435 ld
345 2375 399 2434 sibi
414 2376 515 2455 negoti
528 2375 654 2436 credidit
668 2375 763 2436 solirm
778 2377 852 2436 dari.

295 2470 460 2543 Enimvdro,
475 2473 569 2543 Dave,
581 2471 623 2530 nil
636 2473 694 2532 loci
708 2485 754 2533 cst
768 2472 902 2551 segnitiae
916 2494 1011 2553 neque
1026 2474 1186 2550 socdrdiae,

296 2567 447 2633 Quantum
459 2565 591 2626 intellexi
605 2567 694 2627 mbdo
707 2569 786 2628 senis
801 2567 977 2628 senteutiam
993 2569 1030 2629 de
1045 2571 1170 2649 nuptiis.

216 2678 281 2737 Etsi
294 2698 403 2749 revera,
418 2678 499 2756 quod
514 2680 641 2738 Romani
655 2681 820 2752 voluerunt,
835 2681 898 2740 seni
913 2679 943 2738 in
959 2700 1078 2759 quoque
1093 2681 1237 2743 Trimetro
1250 2683 1298 2742 siut

216 2774 315 2842 lctus;
338 2774 387 2852 qui
403 2775 443 2833 sic
457 2774 578 2854 exprimi
591 2775 725 2853 possint:

296 2885 389 2945 Poeta
404 2885 609 2963 cumprimum
624 2885 752 2946 inimum
767 2886 1010 2947 adscribendum
1024 2885 1151 2966 appulit,

297 2982 332 3040 Id
347 2979 402 3040 sibi
417 2978 519 3059 negoti
533 2979 659 3040 credidit
673 2981 768 3040 solirm
783 2981 858 3042 dari.

216 3093 323 3153 Verum
338 3094 406 3172 quia
426 3093 454 3151 iu
479 3093 597 3172 paribus
620 3092 705 3165 locis,
728 3096 757 3153 2.
772 3096 802 3152 4.
818 3095 847 3166 6,
861 3095 957 3152 miuus
972 3092 1147 3172 plerumque
1163 3095 1301 3153 elevantur

217 3198 247 3246 et
261 3189 410 3258 feriuntur,
432 3207 519 3264 quam
533 3189 564 3246 in
577 3188 748 3268 imparibus,
764 3190 792 3248 l.
808 3191 836 3247 3.
853 3191 883 3260 5,
903 3188 1012 3248 idcirco
1028 3206 1080 3247 eos
1095 3209 1179 3248 more
1193 3191 1301 3248 Graeco·
1331 3186 1333 3199 '

216 3301 279 3340 rum
292 3283 340 3341 hic
353 3282 465 3360 placuit
479 3283 621 3342 omittere.
664 3283 779 3342 Horum
792 3293 891 3342 autem
905 3293 1082 3342 accentuum
1097 3282 1192 3343 ductu
1207 3286 1244 3362 (si
1255 3302 1302 3343 uun

217 3376 247 3433 in
274 3376 332 3433 illis
358 3376 477 3454 syllabis
505 3385 637 3448 acuatur,
665 3387 696 3435 et
723 3397 777 3456 par
798 3377 938 3456 temporis
962 3395 1113 3451 mensura,
1136 3398 1207 3456 quau
1230 3378 1302 3457 pedis

218 3469 378 3528 Ditrochaei
400 3469 448 3529 vel
469 3470 624 3549 'Drerplron
638 3470 766 3549 δευτέρον
780 3475 878 3554 spatio
890 3493 1005 3552 semper
1018 3472 1128 3545 linitur,
1154 3475 1233 3534 iuter
1255 3475 1303 3532 sin·

218 3564 305 3645 gulos
320 3576 459 3625 accentus
475 3573 617 3643 servetur)
629 3589 731 3630 versus
747 3572 900 3630 universos
914 3568 1018 3629 eodem
1033 3568 1124 3627 modo
1136 3569 1234 3629 lector
1246 3568 1304 3628 effe·

216 3673 271 3735 ret,
292 3681 351 3741 quo
366 3663 435 3723 olim
450 3666 486 3722 ab
501 3677 600 3725 actore
614 3666 643 3725 iu
658 3684 749 3725 scena
763 3664 801 3724 ad
814 3664 917 3724 tibiam
930 3664 1214 3742 pronuntiabantur.
1249 3664 1304 3722 llcc

217 3778 336 3838 qunque
350 3759 495 3820 commodi
509 3762 539 3819 in
553 3760 599 3819 his
614 3762 784 3821 accentibus
798 3761 892 3820 lector
904 3759 1052 3820 inveniet:
1073 3760 1158 3838 quod
1173 3759 1269 3820 statim
1281 3765 1305 3817 et
1331 3808 1333 3813 .

217 3856 279 3914 ictu
292 3852 371 3915 oculi
384 3854 549 3915 trochaicus
564 3857 602 3914 ab
614 3856 756 3930 iambicis,
775 3855 870 3934 quiin
884 3854 989 3914 eadem
1003 3873 1093 3912 scena
1107 3855 1257 3914 interdum
1268 3853 1305 3913 lc·
1330 3816 1333 3897 i

218 3967 285 4008 cum
303 3949 424 4023 habent,
444 3950 540 4029 possit
553 3949 733 4028 distinguere
745 3970 753 4011 ι
775 3951 801 4009 si
816 3959 957 4010 accentus
970 3949 1084 4011 scilicet
1097 3950 1128 4009 in
1141 3951 1239 4031 prima
1250 3967 1304 4012 rer·

220 4060 272 4102 sus
286 4044 400 4124 syllaba
413 4055 470 4121 cst,
490 4045 632 4108 trochaici
645 4057 734 4116 sunt;
757 4047 801 4108 siu
815 4046 922 4119 minus,
936 4044 1064 4107 iambici.
