2678 4702
193 276 260 345 tet
566 288 602 335 r.·
621 283 804 334 renuerit
829 283 918 333 arar

194 431 249 499 Ne
263 430 326 495 boc
337 428 498 511 gandium
513 427 716 493 contaminet
731 425 801 491 vita
814 423 1014 507 aegritudine
1027 425 1159 509 aliqua.

193 531 262 597 Sed
276 531 484 596 neminemne
500 530 672 594 curiosum
687 529 884 593 intervenire
898 545 987 590 nune
1008 527 1106 604 mibi,
1274 530 1291 592 5

194 631 263 709 Qui
276 651 329 698 me
344 637 523 717 aequatum
540 651 677 716 quoque
692 651 778 708 earn,
789 629 962 712 rogitando
971 628 1155 706 obtundat,
1168 637 1291 708 enecet3

194 734 285 813 Quid
300 736 527 816 gentianam
542 734 623 818 qnid
636 735 733 798 laetus
749 733 832 814 sim3
847 749 916 815 quo
929 749 1084 814 pergem,
1096 730 1190 796 unde
1201 751 1293 796 emer·

324 855 420 917 gam;
437 837 493 900 ubi
510 836 594 900 siem

193 933 364 1003 Vestitum
376 936 464 1002 banc
480 942 619 1015 nectus;
635 933 993 1018 quidmibiquaeram
1008 935 1294 1015 senescimus

228 1106 232 1115 ,
325 1038 516 1103 insanienti

193 1140 266 1207 Au.
288 1138 414 1219 Adibo,
438 1145 539 1223 etque
562 1138 605 1201 eb
627 1155 668 1201 ea
686 1135 829 1218 gretiam
843 1135 941 1215 benc,
963 1156 1070 1222 qnam
1086 1134 1293 1210 videouelle,

196 1245 451 1429 Οὴωτοὲῗιέζὲᾱ
475 1348 537 1423 est,
560 1341 650 1428 qnod
672 1341 722 1408 sic
745 1342 871 1429 gestiet
893 1341 976 1426 quid
997 1339 1068 1407 sibi
1087 1339 1148 1409 bic
1163 1340 1297 1504 νοεῐίῐίιδ

326 1447 447 1528 quaerit
461 1446 476 1509 t

194 1621 243 1665 tere
255 1616 350 1679 petrini,
361 1630 390 1663 ne
400 1619 492 1664 tuntum
501 1613 615 1674 guadium
625 1612 675 1661 nitu
686 1611 779 1673 lentim
788 1613 922 1673 corrumpet
932 1610 1010 1658 dotare
1021 1609 1120 1672 ntique:
1137 1609 1182 1659 red
1192 1623 1265 1658 rerem
1273 1621 1296 1654 ne

194 1680 274 1728 obrius
285 1679 344 1728 mibi
353 1681 403 1743 fiat
413 1680 518 1728 curimua
532 1678 627 1740 ulmeis,
643 1677 683 1740 qui
701 1675 808 1738 qemitie
826 1676 939 1723 obtundat
955 1673 1015 1722 mint
1034 1688 1118 1734 urerer,
1136 1689 1181 1722 cur
1197 1673 1294 1745 gestierit,

194 1744 250 1807 aeid
261 1745 393 1806 latuerim,
402 1759 446 1807 que
457 1744 550 1804 radam
565 1743 626 1790 uude
642 1743 761 1802 egrediar,
780 1741 842 1790 mide
859 1739 918 1789 mm
929 1743 1017 1787 reatem
1033 1737 1097 1787 bunc
1115 1749 1294 1800 compararem,

194 1806 250 1869 qnid
271 1807 330 1855 mitti
347 1822 459 1869 quaeram,
484 1820 584 1855 rerumne
611 1810 687 1855 mente
704 1806 758 1856 tim.
773 1820 806 1848 aa
821 1803 954 1849 iamim?
989 1800 1042 1849 AN·
1061 1801 1101 1850 Ad
1127 1815 1183 1850 eum
1204 1801 1294 1853 needed

192 1875 217 1916 et
227 1871 288 1916 bana
301 1872 407 1925 gramm
421 1871 471 1924 qiua
487 1868 525 1924 (ut
535 1860 667 1926 dmiderut)
686 1861 826 1912 demereber.
863 1863 1018 1920 Quamobrem
1028 1862 1066 1913 ric
1077 1866 1193 1919 mutnet
1217 1865 1294 1922 Qeidre

188 2096 255 2157 seete
265 2102 309 2146 ret.
343 2095 431 2144 Editio
443 2095 545 2144 Veneta
559 2095 584 2144 in
595 2095 697 2145 Donati
708 2096 785 2146 Notis
795 2095 862 2158 tegit
870 2095 967 2158 pterim,
983 2095 1053 2159 qued
1067 2095 1139 2145 bend
1152 2097 1217 2157 acie,
1228 2111 1256 2146 en
1266 2096 1292 2145 rit

195 2162 347 2224 elegantius.
368 2160 443 2210 Weet·
478 2161 541 2209 Dac.
553 2167 581 2209 et
592 2161 637 2208 atii
645 2161 802 2210 interserunt
814 2166 904 2223 temper
914 2166 974 2221 poet
984 2164 992 2186 ⁸
1001 2159 1146 2221 prefecto?
1179 2161 1228 2210 Sed
1237 2160 1292 2208 baud

195 2226 274 2274 dubie
286 2233 326 2273 est
339 2226 472 2286 glossema.
488 2224 564 2274 Zeuu.
599 2226 670 2280 Nure
685 2223 772 2287 tempu'
790 2224 896 2287 profecte
915 2227 960 2284 ert,
975 2238 1029 2279 cem
1048 2225 1148 2287 perpeti
1164 2240 1201 2273 me
1215 2239 1293 2286 petrem

194 2289 299 2351 interfici
311 2288 353 2334 ed.
366 2289 509 2348 Debita-t
527 2288 565 2336 M.
574 2288 665 2338 edum:
676 2288 804 2353 quomodo
814 2296 842 2337 et
853 2288 971 2351 impreeei
981 2288 1089 2350 qnidam
1101 2295 1215 2338 veteres.
1229 2290 1291 2338 Wert.

195 2357 242 2398 -e
263 2352 302 2398 {ta
315 2352 439 2412 ptuseutae
451 2350 511 2399 edri.
547 2351 575 2399 ln
588 2353 645 2400 aliis
655 2362 705 2415 ert,
720 2354 769 2402 Sed
780 2354 894 2401 nemiuem
905 2351 1222 2402 manumitterentur·
1231 2353 1293 2402 nider.

195 2416 314 2466 Quarum·
326 2414 416 2464 Leidd.
428 2429 487 2464 cum
498 2416 543 2464 Tr.
556 2424 582 2464 et
594 2417 645 2465 Me.
662 2418 735 2480 Lips.
755 2418 881 2466 Neminem
895 2417 935 2466 bia
951 2416 1074 2464 curiarum
1093 2418 1144 2465 int.
1162 2432 1223 2466 nerra
1238 2416 1293 2465 tuiti

196 2479 262 2530 Quae
276 2479 385 2526 uarietas
398 2478 462 2527 facit
474 2480 535 2528 lect.
548 2479 660 2529 dubiam.
694 2483 721 2530 Si
733 2481 875 2530 neminemne
886 2481 1009 2540 retinens,
1029 2480 1141 2529 uidetur
1159 2480 1189 2530 rb
1200 2481 1245 2531 Sed
1258 2481 1293 2528 ab·

195 2557 253 2591 ease
264 2542 376 2599 debere3
394 2543 497 2606 eritque
508 2545 638 2592 sententie
649 2547 731 2607 magis
744 2546 807 2595 abtu
828 2552 863 2606 ta,
899 2544 963 2595 ueti'e
976 2546 1105 2595 convenit
1115 2545 1146 2596 in
1158 2547 1263 2594 alacrem
1272 2551 1293 2593 et
1336 2555 1338 2579 ²

195 2606 350 2669 gestientem
363 2605 505 2652 Cbaeream.
529 2605 573 2650 Sin
583 2560 998 2667 retineaeSed,muKumdeccdet
1007 2608 1190 2658 admirationi.
1201 2610 1237 2657 ld.
1255 2608 1292 2656 Sti

194 2669 436 2718 neminemeurioaum
448 2667 481 2716 G.
492 2668 542 2715 ΕΤ.
551 2668 612 2716 ΕΜ.
625 2669 664 2716 lu.
673 2671 771 2720 inrtdd.
800 2669 854 2719 Seri
861 2671 1006 2718 neminemne
1015 2673 1152 2735 curiarum]
1170 2670 1292 2721 Testitum
1336 2716 1338 2727 ,

195 2732 362 2796 relinquimus
373 2732 474 2780 itaeese
483 2731 509 2779 in
517 2732 591 2781 Bam.
603 2745 635 2781 ne
645 2733 701 2798 quis
710 2749 821 2797 unquam
830 2734 969 2785 reveeetin
977 2734 1099 2785 dubium.
1113 2738 1160 2787 Fa.
1185 2737 1226 2788 Sic
1234 2735 1291 2789 etG.

196 2795 309 2846 Fabricii
318 2795 411 2855 codex,
419 2802 447 2844 et
455 2810 487 2843 ex
497 2796 588 2844 nostrin
598 2798 797 2847 vetustissimus:
811 2799 893 2848 ceteri
902 2798 1115 2859 materterarum
1122 2801 1163 2850 bie
1169 2816 1218 2850 cur.
1226 2801 1291 2851 Bent.
1336 2848 1338 2861 ¹

195 2861 273 2923 Mitti]
291 2861 356 2911 GM.
366 2863 440 2912 rideo.
476 2859 1028 2927 Nisifortegimeecenfunditurettextue.
1055 2862 1292 2920 curdmnuettt.

196 2928 261 2976 Peri.
296 2926 422 2974 Neminem
432 2925 470 2974 tu'c
480 2940 531 2974 eur.
548 2925 642 2974 Bn-tt
658 2927 701 2975 Ita
712 2927 850 2977 ediderunt
860 2927 934 2978 Jnnt.
947 2925 1039 2988 Aldus,
1057 2929 1098 2978 St.
1113 2929 1162 2979 Fe.
1175 2929 1291 2986 Heinsius,

195 2991 249 3040 eiii.
284 2991 404 3054 Guyetua
418 3004 502 3039 veram
515 2990 576 3039 tect.
589 2998 616 3038 et
634 2992 770 3052 genuinam
789 3005 845 3044 eree
864 2992 910 3051 ait,
925 3005 1001 3055 quem
1022 2991 1104 3048 etiarn
1127 2992 1234 3057 praefett
1250 2993 1291 3044 bts.

196 3053 270 3117 Line.
289 3056 328 3119 [et
346 3053 405 3116 Bn]
418 3054 468 3108 Qut
486 3059 661 3116 merceantur,
680 3055 765 3120 quique
778 3056 834 3116 jum
851 3057 977 3118 rogitando
999 3055 1128 3107 obtundet.
1164 3059 1249 3122 Atque
1263 3057 1292 3102 ita

195 3132 264 3168 nunc
284 3120 360 3181 vutgo
378 3120 473 3168 editur.
505 3119 570 3171 Cim
592 3127 678 3168 autem
698 3120 821 3169 continuo
838 3119 1003 3184 praecesserit
1019 3121 1131 3185 ‘nunes
1147 3121 1178 3170 rb
1189 3122 1241 3184 jum
1256 3119 1292 3168 vix

194 3183 280 3231 iocum
293 3184 416 3234 tuebitur.
449 3183 476 3232 Si
488 3178 646 3245 conjecturae
658 3186 728 3234 tecue
740 3191 790 3246 eet,
807 3184 962 3234 crediderim
975 3199 1019 3233 eae
1033 3187 1136 3248 literae,
1155 3186 1224 3235 unde
1242 3182 1292 3232 effe·

196 3255 288 3296 cerunt
300 3248 351 3308 ille,
370 3247 520 3310 minuetum,
537 3255 564 3296 et
575 3264 664 3311 queque
675 3264 735 3310 eum,
752 3263 843 3312 parum
864 3249 1003 3313 perspicue
1021 3250 1109 3298 lectas
1130 3265 1196 3300 esse.
1227 3247 1292 3298 Unde

195 3313 308 3372 multem,
318 3312 395 3360 modo
405 3313 497 3361 liceret
509 3326 556 3375 per
568 3313 650 3361 Cedd.
664 3314 713 3369 Qui
723 3329 760 3362 me
770 3319 891 3376 aequatur,
900 3314 1031 3376 quique-me
1042 3315 1175 3375 rogitando
1186 3315 1293 3364 obtendet.

194 3375 238 3424 Sic
249 3390 337 3425 cenans
349 3377 450 3439 planus,
467 3377 593 3427 Latinitas
605 3377 685 3438 selva,
701 3385 811 3428 utetrum
823 3379 901 3428 etiam
913 3385 1054 3429 servatum.
1090 3379 1189 3442 Itaque
1200 3378 1293 3428 exhibet

194 3437 270 3489 Leid.
284 3455 358 3498 unae,
374 3448 402 3489 et
413 3442 454 3490 Tr.
468 3446 577 3503 uterque
589 3449 675 3491 tetuen
686 3443 778 3492 emieee
790 3444 872 3493 attero
889 3456 934 3493 me.
951 3443 1037 3492 Weet.
1070 3442 1126 3497 Qut
1143 3459 1182 3494 rte
1197 3447 1294 3505 reptatu

194 3518 283 3566 quoque
293 3519 358 3562 eum;
373 3504 499 3565 rogitando
510 3505 634 3567 obtendet,
651 3506 738 3568 enicet]
755 3506 824 3557 Ittud
836 3522 926 3570 queque
936 3520 988 3557 eum
999 3520 1033 3555 ex
1050 3507 1129 3558 Bem.
1147 3508 1237 3558 codice
1252 3513 1293 3561 eat,

196 3567 295 3618 Betubo
306 3573 392 3628 teste;
409 3575 437 3617 et
447 3583 480 3616 ex
492 3569 558 3628 Eue.
593 3571 684 3620 Noetrt
693 3569 835 3632 quiquejem
843 3587 853 3628 ;
869 3571 917 3620 red
927 3571 1094 3632 ueterrimas,
1108 3573 1189 3635 paule
1200 3569 1293 3636 propia*

195 3647 355 3696 propterera.
389 3633 448 3684 Huc
460 3633 560 3682 ueiticet
571 3636 661 3693 votuit,
679 3635 877 3698 Rogitendeque
888 3649 938 3699 que
957 3649 1031 3684 eamr
1049 3633 1098 3684 red
1117 3635 1205 3686 minue
1225 3642 1292 3685 reete.

194 3697 268 3749 Brut.
279 3698 379 3762 quidet
390 3699 440 3753 Qut
451 3713 487 3748 me
496 3702 609 3758 aequatur
618 3714 707 3761 quoque
717 3714 787 3757 erun
804 3699 945 3760 rogitem:
962 3706 991 3752 et
1002 3699 1040 3748 nic
1052 3699 1116 3763 Bip.
1129 3706 1159 3753 et
1171 3700 1242 3750 Peri.
1253 3696 1291 3747 riri

195 3763 263 3825 quod
276 3763 370 3812 leviter
381 3770 499 3826 pungunt
512 3770 571 3823 pent
591 3762 750 3827 ‘aequatum'
784 3765 889 3813 Leviter
908 3763 1002 3826 pungit
1019 3764 1103 3814 Baib.
1124 3772 1153 3815 et
1170 3772 1230 3827 poet
1245 3764 1291 3813 ‘rt-

197 3831 306 3888 enetur'
315 3835 344 3875 et
357 3836 415 3888 poet
425 3830 432 3854 ‘
442 3827 516 3876 eam!
551 3827 604 3875 Pro
624 3842 713 3889 queque
730 3842 781 3877 eum
798 3828 878 3877 bebet
889 3827 978 3877 Guelf.
989 3832 1012 3877 1.
1024 3827 1123 3890 quique,
1140 3836 1169 3878 et
1179 3834 1205 3887 2.
1222 3827 1290 3892 rripit

188 3890 251 3949 mu.
283 3891 369 3942 Eruet
382 3893 459 3942 Bent.
471 3891 551 3943 Both.
563 3891 684 3943 Peri-⁷
704 3891 755 3942 Aut
772 3890 1036 3945 emmelim-10
1055 3893 1165 3957 Quidue]
1177 3894 1290 3956 ‘Dirjune

695 4013 801 4065 NOTtE

278 4111 294 4155 e
312 4109 376 4166 Quid
386 4109 445 4161 miii
456 4108 571 4176 querum]
592 4108 792 4173 superabundet
803 4109 868 4162 iliud
885 4107 984 4175 ‘mibi'
1001 4109 1092 4177 phrasi
1102 4110 1205 4163 Attica.
