2678 4702
336 316 493 368 rnomn
516 317 600 367 ror.
623 318 649 368 1.
672 319 727 368 se.
750 320 774 367 r.
1038 301 1104 367 288

90 480 255 544 nunquam
271 460 543 545 collacrymabat.
588 461 723 525 Placuit
736 469 808 525 tum
822 459 858 524 id
872 459 974 525 mihi:

90 564 287 644 :ogitabamz
311 563 394 639 Hic,
410 582 524 646 purvae
537 563 788 628 consuetudinis

90 685 131 741 ra,
147 663 244 747 hujus
259 672 400 728 mortem
416 672 483 728 tam
497 665 562 729 sert
573 663 802 730 familiariter:

90 767 111 844 i,
127 769 155 830 si
171 767 245 849 ipse
259 767 430 830 amnssoti
452 767 535 848 qnid
550 766 606 830 hio
620 766 701 830 mihi
714 766 826 842 faciet,
841 765 957 847 patrii
1059 765 1104 830 85

90 887 175 948 :ego
190 868 352 949 putabam
365 887 440 931 esso
455 868 570 931 omnia
584 866 720 931 humaui
734 867 851 950 ingeni,
1072 904 1092 963 p

90 969 241 1051 suetique
256 966 492 1033 animioffioia.
537 967 630 1046 Quid
644 969 759 1033 multis
774 970 909 1033 moroni
1083 958 1086 963 ’

90 1078 144 1134 net
157 1089 292 1152 quoqne
303 1069 381 1152 ejus
397 1089 503 1135 causa
517 1071 552 1134 in
565 1070 665 1134 funus
679 1069 817 1154 prodeo,

90 1173 99 1234 i
112 1172 293 1253 suspicans
305 1171 407 1234 etium
418 1170 513 1235 mali.
542 1171 603 1235 So.
618 1171 723 1247 Hem,
736 1169 815 1252 quid
826 1169 899 1234 esti
930 1168 981 1232 St.
995 1168 1101 1234 Scies.

90 1279 166 1336 tur:
194 1272 294 1336 imus,
339 1270 475 1335 Interea
488 1272 576 1335 inter
590 1272 757 1348 mulieres,
1058 1269 1103 1336 9⁰

90 1401 92 1430 ι
106 1374 153 1436 ibi
168 1373 317 1448 ederunt,
331 1371 417 1436 forto
433 1391 534 1436 unam
548 1373 679 1454 aspicio
693 1370 993 1448 adolescentulum,

90 1473 143 1537 ne!
189 1474 249 1536 So.
272 1467 540 1537 Bonusortasse.
584 1473 637 1537 sr.
661 1473 704 1536 Et
717 1473 821 1547 voltu,
837 1471 950 1549 Sosia,

90 1594 102 1637 r
117 1575 282 1650 modesto,
300 1575 385 1638 adeo
399 1581 556 1651 venusto,
579 1581 618 1637 ut
630 1573 715 1637 nihil
730 1591 842 1656 snpra.

90 1698 98 1739 t
112 1682 185 1738 tum
197 1674 279 1738 mihi
293 1673 467 1740 lamentari
480 1681 602 1759 praeter
617 1680 744 1740 ceterae

113 1871 247 1936 Aliquando
257 1870 475 1936 collacrymnbutur.
505 1872 601 1922 eune
619 1873 790 1923 tuueidmitti.
822 1872 865 1922 Sic
878 1872 1027 1935 uocitatum
1050 1871 1101 1929 tte,

90 1939 239 1985 remotionem
256 1936 333 1985 trevir
348 1936 467 1999 temporie,
484 1941 583 1985 mortem
602 1936 672 1998 injur
690 1938 795 1986 metieris
810 1952 875 1999 oegre
886 1937 942 1997 fert
961 1941 1027 2000 adeo,
1041 1935 1100 1985 utri

90 2001 128 2049 ris
139 2001 162 2057 ei
173 2001 241 2061 longo
252 2005 353 2062 tempore
359 2000 464 2061 suieretr
479 2000 538 2062 qnid
552 2000 575 2047 ri
585 2014 637 2048 eom
646 1998 766 2049 muneret?
781 2001 839 2062 quta
850 2002 906 2061 mei,
916 2001 955 2063 qui
965 2007 1034 2062 puter
1042 2014 1101 2058 um,

90 2063 226 2124 ronsneiet?
251 2065 314 2113 Haec
324 2079 367 2126 ege
377 2064 454 2128 officio
461 2063 574 2126 putum
583 2077 633 2112 eree
644 2064 736 2124 ingenii
745 2064 850 2124 humeri,
859 2069 883 2113 et
897 2064 1001 2124 benigni.
1035 2062 1102 2118 Quin

90 2129 147 2177 ibor
157 2128 234 2178 verbio
248 2124 360 2177 detineo?
390 2129 493 2188 Egomet
509 2142 596 2191 qnoque
614 2127 743 2186 durconem
759 2128 786 2176 in
797 2128 874 2188 suunt
892 2130 987 2188 prodeo,
997 2129 1100 2175 noudum

97 2207 149 2241 eum
159 2194 423 2254 suspectumdeomore.
457 2192 503 2240 So.
521 2191 595 2252 Hem,
605 2193 662 2254 quid
672 2187 726 2240 ert?
751 2191 791 2240 Sr.
811 2191 946 2240 ineuntes.
981 2193 1098 2253 Experto·

90 2259 157 2305 'oven
192 2259 264 2305 imur.
297 2257 393 2305 Interea
411 2255 663 2318 intermulierer‚quoe
678 2255 713 2302 ibi
732 2258 840 2315 nunant,
855 2255 1001 2314 fontenetum
1011 2254 1100 2317 ospicio

90 2319 296 2382 errulum,formu.
330 2322 375 2368 So.
392 2319 585 2378 Bonnfortnrre.
618 2319 658 2368 Sr.
679 2320 795 2382 Etenna,
808 2319 899 2369 Serio!
916 2321 974 2368 odeo
988 2321 1101 2377 modesto,

90 2385 179 2447 rgenti,
196 2391 223 2433 ut
234 2384 295 2432 nihil
310 2383 440 2446 supradict
453 2383 536 2447 pontit.
571 2383 635 2439 Quin
651 2388 708 2432 tune
719 2383 777 2432 mitt
788 2384 839 2432 utu
851 2388 885 2433 eut
897 2383 1022 2433 lamentari
1035 2385 1103 2446 plue·

90 2631 154 2709 tetii.
166 2632 208 2682 ed.
218 2633 262 2698 qui
278 2648 343 2682 metu
360 2633 386 2681 in
400 2648 436 2684 rs.
447 2649 527 2712 prere.
540 2643 599 2698 post
619 2634 720 2685 ‘filino'
735 2635 787 2714 iegj
798 2635 825 2683 in
835 2633 896 2685 Hel.
905 2639 990 2686 notut.
1022 2634 1097 2710 Auru-

90 2698 1100 2827 teretur·inueniunturtaur,urrunnun

92 2832 179 2874 eretur
197 2824 226 2873 ri
234 2827 300 2889 putri
308 2840 319 2883 ;
337 2835 391 2875 tum
410 2827 477 2888 qrtod
488 2830 620 2877 Donatum
636 2831 673 2876 ite
685 2827 867 2891 pronuntiasse
877 2827 999 2876 viderem.
1020 2828 1098 2878 Wert.

90 2892 275 2951 rquunturntii.
311 2890 384 2953 Lego
394 2892 521 2952 quiomttt
537 2892 583 2941 tiu
602 2893 680 2941 Bent.
706 2906 783 2956 quem
800 2891 918 3003 sepuitur
941 2891 1012 2940 Peri.
1047 2889 1099 2938 Hie

90 2953 273 3003 iriBotlr.-s9
291 2954 390 3010 Quidid
402 2955 491 3004 ertBr.
502 2956 573 3006 Peri.
585 2957 663 3004 Both.
697 2956 776 3005 ‘Tres
795 2969 827 3004 oo
846 2956 871 3003 d.
889 2956 912 3004 ie
933 2961 979 3004 unt
1012 2954 1054 3003 uie
1069 2954 1096 3002 id

90 3017 175 3066 tecte!
194 3017 265 3067 Bent.
299 3019 413 3080 ‘Vulgo,
430 3019 488 3081 quid
505 3025 548 3078 ert,
567 3021 644 3069 solito
662 3034 760 3068 errore.
802 3019 902 3082 Sequor
956 2971 1046 3067 Cau.
1064 3017 1097 3068 i.'

106 3080 194 3131 Guelt'.
206 3086 230 3131 ³.
241 3084 315 3131 abent
326 3083 471 3133 etiem.—9l
481 3085 546 3133 Vult
558 3085 624 3134 Gor.
643 3084 674 3140 Q.
686 3083 705 3132 i.
716 3099 740 3133 n.
751 3082 1007 3145 asportarunt-ot
1018 3081 1097 3131 Bent.

101 3145 159 3194 bono
169 3180 176 3194 .
187 3177 193 3192 .
203 3181 210 3196 .
221 3147 309 3196 Sosin.
328 3147 446 3197 Fortasse.
480 3149 503 3194 0
514 3148 625 3210 vulgatis
638 3148 725 3196 abest:
744 3152 818 3195 extat
828 3147 852 3193 iu
865 3146 916 3195 Gna
926 3150 950 3194 1.
963 3145 1030 3210 quod
1043 3145 1097 3208 pin·

90 3209 139 3258 ott.
164 3210 206 3274 qui
218 3211 303 3259 edidit
322 3211 575 3260 Forma....Sos1A.
592 3212 662 3260 Bono
669 3211 694 3270 f.
709 3211 792 3260 Srnro.
815 3210 945 3260 EtnoS.
978 3210 1096 3260 Primum

100 3281 201 3336 partem
214 3274 341 3323 nicetium
356 3275 544 3325 dntPeri.-93
564 3275 724 3338 Discrepant
744 3275 902 3338 exemplaria
913 3273 1040 3324 Prisciani
1055 3273 1099 3322 lib.

90 3336 156 3385 Adeo
174 3340 286 3402 modesta,
304 3341 361 3387 odeo
380 3344 484 3388 vertuno.
502 3339 576 3388 Lind.
619 3338 703 3388 Abest
723 3337 812 3388 Guerf.
833 3343 857 3388 2.
882 3341 940 3388 odeo
958 3338 1098 3402 posteriue,

92 3407 162 3463 utque
173 3401 199 3449 in
219 3417 275 3450 eus
294 3403 387 3451 locum.
405 3403 539 3453 Peru-er
557 3405 617 3459 Quoe
636 3409 685 3453 tum
703 3404 734 3452 V.
745 3404 776 3452 C.
794 3403 866 3452 Luni.
899 3404 942 3452 Sic
960 3404 1008 3453 Br.
1026 3402 1096 3466 quod

90 3466 156 3514 idum
168 3467 226 3514 vide
240 3467 376 3528 nr,judiee
392 3467 487 3516 Brnns.
520 3468 629 3517 ‘Nostri
647 3467 724 3517 codd.
738 3482 835 3516 summo
847 3482 976 3517 consensu
992 3474 1020 3516 et
1034 3467 1095 3517 edd.

112 3544 159 3591 pro
181 3531 245 3586 Quia
262 3536 313 3578 tum
329 3531 419 3593 iegnnt
437 3532 498 3586 Qun
513 3537 574 3581 tum.
613 3533 683 3581 Vero
699 3532 776 3581 lectio
794 3539 836 3581 eut
854 3533 914 3587 Qua
930 3529 1002 3581 euru!
1017 3532 1096 3580 Bent.

90 3609 120 3642 rm
131 3596 177 3642 dat
188 3595 261 3644 Peri.
277 3593 347 3659 qnod
366 3601 442 3644 vocat
460 3596 603 3660 elegantius
615 3611 693 3660 quum
713 3597 778 3652 Quia
796 3601 856 3660 tum,
873 3603 901 3647 et
923 3596 1001 3646 Both.
1021 3601 1096 3644 notet

492 3715 604 3768 NOTAE

90 3818 201 3883 iffertnfl
220 3821 334 3870 Verbum
344 3820 467 3870 funebre:
486 3837 525 3871 so·
567 3822 703 3882 Censorio,
710 3827 740 3872 et
750 3821 833 3871 altero
842 3822 970 3872 Praetore.

95 3896 164 3942 enim
175 3908 285 3958 corpora
297 3903 457 3945 mortuorum
471 3897 526 3946 alte
597 3901 629 3946 93
646 3896 713 3946 Adeo
729 3894 836 3957 uenurto]
852 3894 884 3942 ld
901 3899 950 3954 eut,
968 3891 1091 3953 puieitro:

90 3969 190 4018 rumoris
211 3985 226 4017 n
243 3970 478 4034 propinquioribus,
497 3980 526 4022 ut
566 3986 581 4020 a
599 3973 711 4021 Venere.
737 3972 867 4019 Venostes
879 3968 985 4031 proprie
1003 3967 1036 4015 de
1047 3964 1092 4016 for-

90 4061 118 4095 us
127 4047 212 4094 elatus
220 4045 357 4095 fuitniiliis
367 4046 448 4095 tribuo
457 4047 524 4096 Con·
564 4048 767 4108 minis2dieitnr5
779 4043 894 4108 dignitus
905 4043 939 4093 de
950 4041 1019 4093 viris.

92 4137 130 4185 us,
138 4120 238 4170 duobuu
245 4119 463 4186 Trinrnphelibus,
473 4135 524 4172 uno
