2678 4702
414 325 462 373 nn
486 322 625 372 tlu'rnls
647 323 807 374 cofllclfl·
1090 318 1156 386 227

56 462 131 524 dum
147 463 266 543 quidem
279 465 309 524 in
323 464 418 524 verbis
440 464 529 542 hujus
549 464 651 524 lormoe
673 463 794 524 dubium
815 473 872 541 est,
893 475 990 527 utrum
1008 471 1100 549 prima
1114 492 1153 533 sn

55 556 165 618 ultima
185 559 225 619 sit
244 579 311 638 quoe
332 578 384 638 pro
409 558 708 639 correptnhubentur‚
722 567 757 618 ut
779 559 821 632 iri,
842 562 958 641 expedi,
982 567 1151 647 centuplex,

53 652 197 732 perdidit,
208 658 266 714 duc.
831 650 846 671 ”
967 709 970 716 .

98 749 203 821 Sexto,
216 749 247 806 in
266 749 458 829 polysyllabis
474 748 598 827 syllaba,
612 766 681 826 qnoe
703 758 820 809 acutum
842 752 972 829 proxime
995 756 1147 834 procedit,

54 862 139 922 soepe
154 844 317 925 corripitur,
332 843 389 904 etsi
408 863 468 904 non
481 842 628 923 positione
641 841 741 915 modo,
756 842 809 904 sed
832 854 864 904 et
882 845 977 906 vocali
997 848 1088 930 longo
1102 852 1150 927 sit,

52 938 82 998 vi
97 956 201 998 eornm
215 958 282 1017 quoe
296 940 334 999 de
348 949 473 999 occentu
487 938 568 999 dicto
582 947 662 1012 sunt,
673 947 708 998 ut
720 938 751 997 iu

139 1070 296 1145 ltrgentum
375 1067 571 1127 ministremus
661 1065 818 1126 volitntotis
920 1069 1110 1148 suptllectilis

137 1166 260 1221 bruatur
372 1169 562 1241 magistratus
658 1161 818 1238 rolllptatis
920 1164 1071 1228 cicittrices

136 1254 337 1315 Alexandrum
376 1257 552 1337 pugillatum
659 1256 823 1317 venhstntis
923 1260 1077 1323 obedirent

138 1352 317 1429 gubtmntor
376 1351 531 1431 pottstntis
660 1353 819 1413 senectutis
920 1355 1072 1416 videbatur

925 1450 1110 1514 vertbomini.

95 1561 223 1621 Plautus
248 1560 304 1619 hac
329 1558 449 1618 licentio
470 1575 543 1618 usus
571 1567 618 1618 est
644 1557 732 1619 etiam
755 1578 822 1620 cum
844 1559 988 1639 syllabam
1011 1564 1149 1642 producit

51 1655 270 1737 diphthongus,
283 1663 318 1714 ut
335 1655 376 1726 in,
390 1651 500 1713 audivi.
521 1653 557 1711 In
571 1653 721 1713 nonnullis
735 1653 834 1727 etism,
849 1675 916 1717 cum
931 1656 1046 1736 syllaba
1059 1671 1148 1720 acuta

50 1750 153 1809 brevis
166 1757 224 1819 est,
237 1767 274 1807 en
287 1767 355 1826 qum
379 1747 460 1806 illam
483 1747 614 1826 proxime
638 1746 789 1827 precedit,
801 1751 858 1810 etsi
871 1751 966 1812 rocnli
980 1753 1071 1834 longe
1084 1756 1147 1815 nni·

50 1854 146 1917 matu,
159 1853 258 1903 tnmen
272 1843 436 1922 corripitur,
449 1843 534 1915 utin,
544 1842 673 1901 amicitia
685 1854 716 1903 et
727 1842 881 1921 pudicitia.

95 1941 240 2017 Septimo,
255 1939 285 1996 in
306 1937 457 2016 quibusvis
478 1938 574 1997 verbis
587 1938 720 1997 vocalem
734 1939 854 2016 longum
870 1941 916 2001 rel
927 1940 1144 2022 diphthongum

49 2033 173 2093 finalem
192 2042 331 2112 sequente
344 2034 439 2091 vocali
452 2032 623 2108 corripiunt,
636 2040 668 2090 et
679 2048 733 2108 pro
747 2032 865 2092 arbitrio
879 2037 1037 2113 negligunt
1049 2039 1145 2116 longi-

50 2128 189 2190 tudinem
202 2127 394 2207 expositione
404 2126 470 2186 solu
482 2136 576 2184 ortam
588 2143 596 2193 ;
619 2133 650 2184 et
662 2124 783 2202 quasvis
797 2125 927 2205 syllabas
941 2148 995 2207 pro
1007 2132 1144 2193 brevibus

37 2225 176 2295 hubent,
201 2241 325 2301 quarum
338 2220 449 2281 vocalis
473 2219 569 2279 brevis
593 2229 649 2292 est,
674 2217 817 2296 siquidem
842 2232 982 2284 accentus
1006 2245 1066 2286 non
1092 2247 1144 2288 eas

49 2317 200 2378 intendat.
250 2317 375 2376 Plautus
402 2313 522 2393 quidem
547 2313 643 2392 ipsam
667 2322 914 2396 acutamquoque
940 2318 971 2378 in
995 2321 1144 2383 nonnullis

49 2412 203 2492 corripuit,
216 2421 250 2472 ut
263 2411 294 2470 in
798 2398 806 2423 ³

135 2523 254 2584 dedisse
384 2519 527 2581 modestus
647 2520 790 2582 fenestras
910 2524 1063 2606 Philippus

134 2637 256 2678 necesse
383 2616 509 2675 sceleste
647 2615 773 2693 papillas
909 2619 1055 2702 Philippei

131 2714 232 2774 libello
382 2711 512 2790 puellam
654 2711 778 2789 sagittas
913 2715 1071 2778 sinistrum.

90 2840 246 2901 Terentius
260 2857 329 2899 vero
342 2855 500 2915 nusquam,
514 2834 595 2915 quod
610 2835 712 2908 sciam,
726 2836 783 2896 nisi
794 2839 835 2911 iu,
849 2843 966 2900 temetsi
979 2845 1140 2918 erravitne,

49 2956 126 3016 quos
140 2937 172 2994 in
185 2933 267 3012 vulgi
280 2952 397 3012 quoque
411 2950 461 2992 ore
472 2927 577 3009 corripi
591 2933 684 2991 solere
695 2931 833 2993 credibile
845 2947 911 2994 est:
933 2938 1013 3016 quod
1027 2940 1064 2999 de
1076 2940 1140 3002 aliis

48 3033 140 3092 etiam
150 3029 307 3089 maximam
320 3036 432 3107 partem
446 3023 603 3086 dicendum
617 3025 748 3085 arbitror.

90 3126 218 3199 Octavo,
231 3126 261 3184 in
277 3142 366 3182 unam
379 3122 541 3202 saepissime
552 3120 732 3180 contrahunt
749 3117 878 3199 syllabus
892 3124 922 3183 in
944 3125 1049 3204 quibus
1072 3127 1156 3190 durs„

47 3221 164 3301 qurevis
177 3221 295 3280 vocales
310 3226 498 3290 concurrunt,
511 3227 546 3275 ut
1135 3210 1140 3216 ’

172 3345 314 3417 aiin‚ain
472 3343 502 3400 ia
515 3343 555 3412 in,
567 3340 644 3400 scias

170 3459 207 3502 eu
219 3441 261 3513 in,
274 3439 357 3499 soleo
469 3438 495 3496 ei
504 3437 545 3509 in,
559 3435 646 3498 hodio
770 3440 799 3499 oi
813 3440 854 3513 in,
865 3440 949 3521 proin

171 3536 198 3596 ei
211 3535 253 3606 in,
268 3533 335 3594 dein
468 3533 489 3590 ii
501 3532 543 3604 in,
556 3531 643 3590 rediit
768 3533 799 3592 ui
812 3533 853 3606 in,
867 3535 935 3597 huic

169 3632 260 3702 eoin,
274 3629 348 3690 adeo
470 3626 499 3686 io
513 3627 553 3699 in,
568 3626 662 3687 otiose
771 3647 810 3688 uo
823 3630 864 3702 in,
879 3629 1004 3693 duobus.

168 3745 207 3785 eu
220 3726 261 3797 in,
276 3722 360 3784 Deus
471 3721 617 3805 iuimdirr

256 3868 400 3947 Exempla
412 3864 580 3948 hujusmodi
595 3832 785 3945 cummagno
798 3887 937 3929 numero:

128 3976 221 4043 nuhi’
449 3998 517 4041 eum
648 3998 747 4042 eorum
884 3979 966 4037 luere

127 4073 202 4134 nihil
450 4090 514 4134 eum
650 4093 751 4134 earum
885 4072 976 4133 fuisse
