2678 4702
204 276 269 342 est
324 288 517 340 elusanus
541 289 754 340 inuramus
778 292 826 339 ns
849 292 991 342 narnis
1013 295 1184 345 nannum

325 435 434 492 Δουλόν
449 435 584 507 γενεσθαι
596 436 835 512 πάραφρονουντοε
848 436 992 498 diamoron.

205 535 282 593 Cum
297 528 462 608 Euripides,

325 628 389 686 Ηκὼ
403 653 506 706 verpus
521 631 664 705 κευθμῶνα
679 653 723 687 και
740 636 835 690 σκοτού
848 635 947 690 aulas.

205 725 282 786 idem
297 724 479 786 admiserunt
489 726 521 786 in
534 726 645 786 Δονλόν
658 734 689 783 et
703 724 781 796 Hsd,
796 724 877 803 quod
892 725 1001 785 Noster
1014 725 1059 799 in,
1073 725 1194 786 Mallum
1207 740 1235 789 et
1246 749 1293 791 orn-

207 823 280 882 nes:
299 822 354 900 ipsi
366 822 444 881 enim
459 822 528 883 alibi
541 821 666 899 priorem
681 829 801 891 acuunt,
814 819 925 880 Δούλον
937 831 968 881 et
980 822 1071 880 Ἠκω.

249 919 284 976 ln
298 917 431 978 secunda
452 918 541 997 igitur
554 916 675 976 trimetri
688 913 802 992 διποὸἱᾳ
822 915 880 975 boc
903 916 1015 996 dequo
1031 919 1154 996 agimus
1170 939 1227 978 non
1239 921 1295 981 lice·

206 1018 265 1077 bat.
306 1013 422 1073 Gellius
448 1032 552 1072 xvrn.
581 1015 627 1072 15.
648 1012 705 1070 ‘ln
731 1013 853 1072 senariis
875 1013 1009 1072 versibus
1036 1014 1296 1085 animadverterunt

205 1111 318 1174 metrici
332 1110 408 1169 duos
421 1110 530 1188 primos
543 1108 647 1189 pedes,
667 1108 737 1168 item
751 1117 896 1168 extremos
908 1108 995 1181 duos,
1016 1109 1132 1171 habere
1147 1130 1234 1190 posse
1247 1113 1296 1170 sin·

208 1209 295 1288 gulos
309 1207 438 1284 integras
452 1216 551 1283 partes
566 1203 717 1276 orationis,
737 1202 851 1264 medios
864 1203 946 1265 haud
968 1225 1104 1284 unquam
1128 1226 1235 1285 posse:
1254 1209 1296 1268 sed

205 1313 343 1366 constare
366 1321 418 1361 eos
438 1321 552 1382 semper
573 1320 610 1361 ex
624 1301 719 1359 verbis
734 1310 786 1359 aut
800 1300 901 1360 divisis
916 1311 968 1361 aut
982 1301 1084 1360 mixtis
1100 1314 1195 1382 atque
1208 1306 1297 1365 confu-

208 1403 270 1463 sis!
310 1400 566 1479 Quotusquisque
587 1398 645 1457 hoc
670 1397 718 1457 vel
744 1397 913 1476 intelligat?
933 1397 1045 1458 nedum
1059 1411 1097 1458 ut
1111 1400 1244 1460 senarios
1256 1418 1298 1479 per

206 1496 339 1576 singulos
359 1495 450 1575 pedes
475 1493 647 1554 scandendo
669 1501 785 1571 tempus
806 1493 836 1552 in
856 1492 913 1553 hac
927 1495 1141 1555 observatione
1156 1494 1298 1556 conterati

205 1596 247 1652 At
258 1594 288 1652 in
302 1604 404 1652 nostra
416 1590 545 1650 editione
558 1589 606 1648 vel
620 1587 700 1647 alind
715 1589 868 1667 agentibus
883 1588 915 1646 iu
928 1589 1034 1649 oculos
1048 1590 1196 1660 incurritz
1212 1591 1298 1652 simul

203 1707 263 1767 que
277 1688 362 1758 ratio,
383 1705 471 1765 quam
484 1685 597 1745 metrici
610 1684 658 1743 isti
673 1695 784 1757 tacent,
803 1684 892 1765 plane
906 1696 1042 1764 apparet.
1085 1687 1159 1748 Hoc
1173 1689 1216 1748 illi
1229 1688 1299 1748 voln-

204 1793 309 1852 erunt;
331 1783 361 1841 in
375 1782 421 1840 his
435 1792 466 1841 et
479 1781 623 1840 similibus
638 1781 780 1840 senariis:

324 1892 414 1951 Venit
427 1891 568 1950 Chremes
582 1890 725 1969 postridie
739 1891 778 1951 ad
793 1911 840 1952 me
854 1893 1019 1983 clamitans.

325 1987 534 2066 Mansuetique
548 1986 637 2046 animi
650 1987 758 2061 officia,
772 1987 844 2067 quid
857 1988 956 2048 multis
970 2006 1089 2049 moror:

205 2103 280 2163 duos
295 2102 404 2182 primos
419 2101 554 2179 duosque
568 2110 734 2180 postremos
756 2100 849 2181 pedes
873 2099 999 2180 siugulis
1021 2102 1124 2161 verbis
1151 2101 1257 2173 claudi,
1273 2107 1297 2160 et

204 2207 304 2258 recte:
326 2206 358 2255 at
377 2196 485 2274 pedem
506 2195 624 2254 tertium
646 2205 818 2274 quartumve
840 2215 899 2255 uon
913 2215 1003 2275 posse
1016 2205 1111 2258 recte.
1157 2195 1296 2258 Carboni

205 2292 274 2372 quia
287 2301 349 2350 tum
364 2307 485 2349 necesse
499 2295 555 2360 est,
576 2298 611 2348 ut
632 2290 709 2350 ictus
730 2291 760 2348 in
779 2291 898 2350 ultimas
913 2291 1045 2372 syllabas
1060 2293 1197 2362 cadaut;
1218 2291 1294 2375 qnod,

205 2400 240 2447 ut
253 2386 322 2460 dixi,
344 2373 373 2444 in
392 2386 486 2466 prima
507 2385 666 2463 ultimaque
681 2385 795 2464 ὁιποδίᾳ
810 2387 887 2448 solet
900 2388 982 2456 fieri;
1004 2388 1034 2446 in
1049 2389 1152 2450 media
1166 2409 1220 2450 nec
1231 2388 1295 2449 solet
1333 2400 1335 2413 ·

204 2494 235 2544 et
248 2483 297 2542 vix
311 2500 441 2561 unquam
455 2481 536 2539 licet.
579 2481 739 2540 Rarissime
763 2482 862 2562 igitur,
887 2484 977 2542 semel
1001 2495 1094 2564 atque
1117 2487 1232 2559 iterum,
1251 2481 1291 2544 sed

200 2598 313 2657 >magno
328 2577 482 2637 sententiae
496 2575 588 2649 lucro,
610 2577 728 2638 admisit
740 2578 799 2639 hoo
812 2580 842 2638 in
856 2579 994 2640 trimetris
1008 2580 1189 2643 Terentius:

363 2684 516 2746 Persuasit
529 2705 597 2761 nos,
615 2689 706 2763 ambr,
719 2690 831 2762 vinum,
847 2690 1060 2755 adolescentia.

365 2779 499 2841 Scelesta
512 2779 595 2841 ovem
612 2781 682 2862 lup6
697 2786 849 2846 commisi:
871 2786 1021 2867 dispudet.
1056 2802 1058 2807 '

205 2893 282 2950 Nam
296 2892 381 2963 illud,

302 2994 307 3000 '
362 2987 460 3047 Nosse
474 2988 574 3049 bmnia
586 2990 652 3049 hoec
667 2989 748 3050 salus
763 3003 809 3052 est
822 2993 1073 3071 adolescentibus,

203 3102 232 3159 in
248 3099 304 3160 hac
318 3099 448 3159 editione
461 3101 554 3160 saluti
569 3110 625 3161 est.
667 3101 840 3164 Notandum
862 3124 981 3182 quoque
1004 3106 1046 3179 in,
1070 3107 1167 3183 ambr,
1180 3103 1284 3186 stirpi,
1328 3125 1330 3135 ·

204 3195 330 3273 priorem
351 3197 470 3257 brevem
495 3216 572 3268 esse,
593 3206 623 3255 et
644 3216 681 3256 ex
703 3197 825 3258 musicae
846 3199 1007 3260 rationibus
1029 3200 1073 3262 ita
1094 3215 1245 3283 oporteret
1261 3207 1284 3259 ut

205 3289 284 3368 apud
300 3291 465 3364 Horatium,

365 3404 382 3463 J
386 3424 432 3464 am
443 3404 505 3481 jam
520 3386 633 3464 efficaci
646 3403 685 3463 do
700 3406 806 3464 manba
821 3406 964 3466 scientias.

364 3498 413 3557 Ad
425 3499 586 3577 pervicacis
600 3499 658 3559 beu
672 3499 766 3578 pedis
782 3501 918 3562 Achillei.

205 3609 244 3668 Et
258 3609 389 3669 similiter
402 3609 432 3668 in
448 3612 537 3671 verbo
551 3612 703 3692 trisyllabo
717 3612 792 3673 duos
806 3613 882 3674 ictus
897 3614 1067 3692 recipiente,
1089 3615 1114 3673 si
1130 3616 1162 3675 id
1176 3613 1284 3676 tantm
1322 3594 1326 3645 ,⁸

204 3705 385 3764 trochaicam
399 3704 529 3780 inchoat,
550 3707 648 3767 media
666 3708 722 3769 erit
735 3729 771 3768 ex
784 3718 845 3768 arte
860 3710 977 3768 brevis:
