2678 4702
562 326 796 377 rnsnctsuus
820 326 925 378 HARB

280 476 324 536 uis
600 493 636 532 eo
799 472 903 532 eodem
1040 471 1177 531 fuissent

280 573 323 630 sit
463 626 468 635 ,
600 569 641 628 rei
802 568 908 628 eedem
1043 567 1148 626 sciunt

279 685 363 725 meus
601 664 663 741 spei
800 683 901 722 eamus
1043 661 1150 721 videet

281 769 351 820 tuus
403 774 454 838 per
468 778 570 819 omues
601 759 670 818 fidei
800 757 853 816 filii
1041 766 1133 817 taceo

282 874 354 920 suus
445 874 532 914 casus
599 853 658 913 diei
799 852 873 934 perii
1043 850 1152 910 docuit

282 952 364 1009 Deus
602 950 651 1010 die
803 947 902 1008 aiebat
1043 964 1221 1009 commoveo
1329 1004 1335 1028 ‚V

283 1045 359 1106 Dese
603 1047 652 1105 vis
804 1045 847 1104 i'ui
1045 1052 1244 1104 transeuntem
1329 1088 1335 1123 :

286 1139 354 1200 duae
606 1141 677 1219 quis
805 1139 862 1198 fuit
1047 1138 1153 1217 geudii

607 1236 694 1294 trium
808 1235 891 1295 fuisti
1044 1233 1182 1312 jurgium

286 1345 406 1407 mulier¹
527 1345 644 1407 eveniet
788 1343 999 1424 grandiuscule
1096 1343 1225 1423 potuerit

286 1441 390 1501 meiius
526 1442 678 1521 perveniat
789 1439 988 1499 tardiusculus
1093 1437 1209 1514 rejiciat

288 1537 408 1596 suavius
529 1538 646 1598 divitias
787 1533 1011 1614 comprehendit
1093 1531 1205 1591 introiit

289 1632 406 1710 probior
531 1634 618 1692 etiam
789 1629 976 1709 reprehendit
1094 1627 1224 1688 abieram

289 1728 412 1804 nequior
529 1727 655 1805 ineptius
790 1724 948 1785 deosculor
1097 1722 1197 1781 abiem

292 1821 455 1880 sexcenties
530 1821 684 1882 certiorem
790 1821 964 1882 dehortatus
1095 1815 1218 1877 redierit

289 1917 338 1975 vie
531 1919 717 1977 occasionem
790 1918 959 1997 aperiuntur
1094 1912 1228 1991 perierim

289 2012 361 2090 quie
531 2013 714 2074 tumultuose
788 2011 906 2090 ejiciat⁹
1092 2007 1241 2086 periimus.

253 2139 351 2209 Nono,
364 2139 453 2197 verba
477 2156 557 2215 soepe
578 2139 711 2198 breviant
734 2135 895 2197 exserendo
908 2133 1043 2195 vocalem
1056 2133 1107 2192 vel
1131 2131 1291 2212 syiiehune

212 2234 311 2293 medin
323 2251 406 2302 voce,
421 2231 466 2289 vei
481 2233 641 2291 resecando
656 2253 674 2293 a
688 2234 764 2293 fine:
786 2250 910 2312 qnorum
923 2231 1003 2311 prins
1017 2246 1150 2309 syncope
1160 2226 1238 2286 dictu
1246 2231 1293 2294 est,

213 2329 337 2387 alterum
352 2344 493 2404 apocope.

735 2406 847 2465 Eodem
860 2403 948 2464 modo
962 2404 993 2461 in
1007 2400 1119 2480 dissyl-

777 2500 846 2560 laba
857 2496 1071 2557 contrahuntur

281 2595 372 2672 erpite
488 2595 561 2654 dixti
768 2597 892 2657 alterum
978 2599 996 2676 Ἰ

282 2689 397 2767 surpuit
484 2691 558 2767 justi
769 2691 869 2751 militis

283 2805 410 2863 exporge
490 2787 583 2846 sensti
770 2785 896 2845 nominis
1018 2805 1078 2865 quo
1093 2795 1186 2865 pacto

283 2880 379 2938 amisti
491 2881 617 2941 audistin
769 2881 929 2960 virginem¹
1018 2881 1066 2940 hee
1081 2901 1172 2941 voces

283 2975 428 3034 commisti
490 2975 558 3034 dixe
770 2974 924 3033 clamitans
1021 2975 1171 3040 ecreticis

282 3069 414 3149 promisti
489 3069 612 3129 decesse
771 3069 923 3147 paululum
1020 3070 1097 3132 fiunt
1111 3072 1255 3151 spondmi.

284 3165 462 3242 praescripsti
491 3165 623 3225 excessis
772 3163 894 3223 liberae²

285 3258 408 3318 exclusti
492 3260 622 3318 scissem.
771 3259 894 3320 liberet:

216 2446 359 2524 Exempla
372 2464 519 2525 syncopes
535 2446 595 2504 sint
607 2446 694 2504 hsec:

253 3426 269 3470 ⁷
286 3419 362 3480 Mihi]
381 3419 446 3468 Mihi
457 3424 484 3468 et
501 3419 563 3468 nihil
574 3425 634 3468 suut
645 3433 747 3482 semper
787 3421 898 3471 creticos
915 3424 1113 3489 contrahuntur,
1132 3427 1218 3485 utin,
1229 3424 1304 3474 mulie-

222 3493 278 3544 i'ere
289 3494 476 3556 monosyllaba,
488 3495 529 3543 vel
539 3501 610 3544 certe
621 3493 748 3547 rarissime
787 3509 852 3557 rem,
866 3497 996 3559 mutieres,
1014 3497 1114 3561 abiero,
1129 3499 1259 3563 perierim,
1273 3511 1305 3545 re·

223 3570 250 3618 in
259 3569 320 3617 diros
331 3567 411 3631 pedes
422 3568 604 3619 distrahuntur.
788 3569 877 3632 dierit,
906 3573 1091 3636 praeterieris:
1119 3589 1179 3638 quoe
1206 3586 1306 3638 pronun·

256 3650 272 3694 8
288 3643 389 3706 Mulier]
405 3644 437 3693 Iu
449 3646 497 3694 huc
508 3660 571 3695 voce
583 3645 748 3710 plurimisque
788 3644 886 3709 tiendo,
907 3648 1069 3710 mul-yerem,
1091 3651 1244 3712 mul-peres,
1269 3646 1306 3695 ab·

225 3721 289 3784 aliis,
300 3719 531 3784 inquibusvocelis
541 3719 657 3782 priorem
669 3720 749 3782 i,cun·
788 3733 862 3783 yero,
881 3722 1030 3784 per-yerim,
1048 3721 1189 3787 red-yerit,
1211 3729 1308 3787 preter·
1329 3724 1332 3733 “

225 3796 319 3846 tractio
341 3794 371 3844 tit
388 3795 511 3843 mutando
532 3795 540 3842 i
560 3794 585 3842 iu
603 3809 750 3856 consonam,
789 3795 857 3857 yerit
867 3811 874 3844 :
886 3810 971 3860 neque
982 3797 1090 3860 syllaba,
1101 3812 1161 3861 quae
1174 3800 1183 3847 i
1195 3800 1221 3847 in
1231 3810 1310 3846 consu-

225 3885 292 3934 mme,
302 3875 331 3919 ut
343 3867 513 3921 antedictum
522 3876 570 3929 est,
582 3869 751 3931 pronuntisn·
772 3866 773 3870 ’
790 3885 849 3919 num
860 3884 960 3919 sermm
969 3872 1106 3934 praeeedit,
1114 3875 1257 3923 mutatione
1267 3871 1310 3918 istu

226 3947 259 3993 da
270 3951 310 3994 est
325 3951 354 3994 ut
373 3950 487 3993 nostrum
498 3958 531 4006 y:
549 3951 627 4006 atque
647 3943 693 3992 hac
712 3959 751 3992 ra·
792 3958 893 4008 semper
905 3944 1065 4007 producitur.
1102 3945 1192 4009 Hujus
1202 3944 1310 4005 exemplu

229 4021 297 4069 tione
318 4020 397 4082 pedes
414 4017 638 4082 proceleusmatici
657 4019 683 4066 in
694 4033 752 4068 ver·
790 4019 867 4082 plum
884 4026 945 4069 sumt
964 4021 1032 4083 apud
1053 4020 1191 4082 Plautum,
1202 4020 1254 4082 ubi,
1265 4031 1310 4066 mu·

229 4107 302 4143 suum
324 4093 416 4142 finibus
435 4106 506 4155 saepe
525 4093 552 4141 in
574 4092 691 4155 dactylos
709 4095 750 4143 uei
790 4095 847 4160 lier,
857 4096 953 4160 potius,
964 4095 1079 4159 probior,
1089 4102 1118 4146 et
1130 4097 1228 4146 similes
1243 4105 1312 4144 voces
