2678 4702
201 300 268 371 262
430 317 568 366 nouom
595 317 773 368 crunnum
800 311 1090 370 un‘rrrnnrtrro.¹

527 556 593 622 on
614 555 743 623 muro
767 532 980 625 nonnuo.

419 722 615 835 Hieronpm.
629 752 664 815 in
678 751 847 821 Chronico
863 752 1000 840 Olymp.
1013 754 1092 821 284.

249 885 445 952 Victorinus
469 874 579 952 rhetor
604 890 638 951 et
661 888 814 953 Donatus
842 889 1089 970 grammaticus,
1118 900 1300 975 praeceptor

204 1007 313 1066 meus,
331 988 452 1053 Romae
465 988 611 1083 insignes
623 989 805 1055 habentur:
827 1008 848 1054 e
861 990 983 1074 quibus
991 989 1198 1057 Victorinus
1212 994 1300 1057 etiam

207 1094 353 1156 statuam
368 1091 402 1154 in
416 1086 488 1155 soro
502 1089 649 1175 Trojano
662 1091 793 1156 meruit.

465 1250 560 1317 Idem
576 1251 719 1336 Apolog.
732 1252 861 1318 advers.
876 1253 1047 1318 Rufinum.
1084 1269 1106 1334 j

250 1378 340 1445 Puto
355 1380 446 1464 quod
462 1400 545 1466 puer
558 1380 681 1464 legeris
695 1377 802 1463 Aspri
817 1380 852 1442 in
865 1378 1045 1462 Virgilium
1062 1387 1100 1444 et
1112 1381 1294 1446 Sallustium

207 1478 488 1567 Commentarios:
511 1481 665 1548 Vulcatii
676 1482 710 1547 in
725 1480 905 1546 Orationes
921 1481 1120 1551 Ciceronis:
1144 1481 1294 1547 Victorini

207 1583 243 1647 in
259 1580 421 1674 Dialogos
436 1585 521 1670 ejus,
535 1587 569 1649 et
587 1586 620 1650 in
633 1584 778 1650 Terentii
793 1583 989 1649 Comoedias
1008 1585 1231 1669 praeceptoris
1243 1583 1293 1645 mci

209 1683 348 1761 Donati,
364 1706 459 1769 aeque
473 1688 508 1750 in
522 1684 710 1769 Virgilium,
740 1691 773 1750 et
793 1686 935 1750 aliorum
953 1685 986 1748 in
1009 1685 1119 1764 alios;
1143 1684 1292 1758 Plautum,
1329 1713 1330 1717 ¹

210 1784 417 1864 Lucretium,
446 1786 618 1863 Flaccum,
644 1786 811 1864 Persimu,
835 1792 935 1870 atque
964 1785 1157 1851 Lucanum.
1199 1785 1291 1868 Argue

208 1886 493 1970 interpretationes
522 1907 650 1965 eorum,
681 1906 784 1970 quare
808 1906 876 1952 non
902 1907 1001 1952 unam
1036 1889 1290 1971 explanationem

211 1990 317 2052 secuti
341 1990 419 2068 sint,
441 1988 525 2054 etin
541 1990 658 2055 eadem
672 2009 708 2054 re
730 1989 820 2074 quod
834 1990 889 2055 rel
904 1990 982 2067 sibi,
997 1990 1053 2054 vel
1067 1991 1149 2056 aliis
1166 1991 1290 2059 videatur
1325 2011 1337 2058 Ι

211 2097 411 2158 enumerent.

495 2233 694 2318 Hieronym.
708 2234 743 2297 in
757 2188 890 2298 Eocles.
906 2253 983 2317 cap.
998 2237 1030 2298 1.

255 2364 414 2430 Comicus
426 2367 489 2431 ait:
506 2359 602 2430 Nihil
613 2341 812 2445 cstdictum,
824 2368 915 2452 quod
930 2387 995 2432 non
1008 2371 1053 2434 sit
1061 2371 1191 2435 dictum
1201 2371 1289 2454 prius:
1335 2447 1337 2454 A

212 2469 298 2532 unde
320 2475 354 2532 et
369 2475 559 2551 praeceptor
581 2488 675 2533 meus
696 2469 862 2546 Donatus,
886 2490 963 2534 cum
985 2472 1095 2553 ipsum
1112 2473 1289 2537 versiculum
1330 2487 1337 2534 τ

214 2577 407 2650 exponeret,
421 2568 577 2647 Pereunt,
595 2571 714 2655 inquit,
730 2573 789 2656 qui
804 2582 881 2637 ante
895 2592 959 2637 uos
968 2580 1092 2638 nostra
1104 2575 1262 2640 dixerunt.

674 2788 845 2804 ἠ

375 2981 380 2989 .
495 2896 498 2902 ’
568 2936 633 3003 on
655 2900 955 3003 oeconomo.

223 3121 408 3225 Gerbertus
424 3125 593 3208 quondam
610 3119 832 3188 scholasticus
847 3123 890 3186 ad
905 3122 1098 3200 Airardum,
1115 3122 1287 3207 Epistvu,

223 3230 237 3345 Ι,
258 3257 484 3322 Petitionibus
496 3259 566 3321 tuis
582 3259 776 3322 annuimus:
799 3266 914 3351 nostra
925 3266 963 3321 ut
970 3259 1157 3342 exequaris
1170 3231 1293 3349 negotia,⁴

214 3358 305 3421 velut
328 3359 473 3440 propria,
494 3377 678 3423 monemus·
722 3359 858 3424 Plinius
877 3359 1080 3437 emendetur,
1105 3359 1292 3443 Eugraphius

113 3485 116 3490 ·
215 3459 407 3540 recipiatur,
526 3520 529 3524 ,

216 3611 400 3676 Gerbcrtus
426 3612 481 3676 hic
509 3620 628 3696 postea
657 3612 730 3677 ΡΡ.
756 3613 878 3692 factus,
908 3613 1081 3696 Sylvester
1109 3610 1292 3681 dictos‘luit,

259 3713 411 3797 vixitque
432 3716 496 3777 sub
522 3714 653 3779 Othone
679 3713 751 3779 111.
777 3715 866 3798 Imp.
891 3716 981 3780 circa
1005 3715 1048 3781 A.
1064 3714 1101 3779 C.
1116 3688 1192 3779 oba.
1234 3709 1295 3774 Vid-

260 3814 431 3880 Fascicul.
445 3815 603 3901 Tempor.
620 3815 815 3901 Onuphrius
837 3818 982 3883 Panvin.
998 3819 1033 3881 in
1049 3816 1170 3881 Chron.
1186 3810 1295 3880 Eccles-

259 3924 292 3979 et
307 3919 376 3982 alii.
