2678 4702
96 218 115 419 ξ
182 360 185 365 ,
395 298 443 347 nu
467 295 607 344 nuruis
630 295 901 347 runauruurs.
1131 278 1196 344 241

108 632 117 657 ὗ
220 569 409 630 Concurrunt
421 570 483 630 laeti
496 570 537 630 mi
549 570 666 631 obviam
683 568 688 652 Ι
706 569 888 650 cuppediarii
903 584 1015 641 umnec,

109 662 120 733 .'.
221 665 340 736 Cetarii,
355 665 437 734 lanii,
451 666 547 745 coqui,
566 665 571 746 Ι
588 666 723 736 fartores,
741 665 914 744 piscatores.

96 440 176 779 [um
189 440 234 501 sic
248 459 363 501 caesura
377 440 515 521 ponenda
529 453 619 514 esset,

96 790 177 863 {llud
192 810 311 871 quoque
324 792 355 850 in
368 792 426 852 hnc
440 810 547 873 genere
561 791 790 866 observandum,
804 791 909 871 pedem
922 791 1003 852 illurn
1018 800 1087 853 ante
1100 810 1195 853 coesu·

96 902 172 961 ram,
186 889 228 946 mi
241 888 367 961 obviarn,
381 898 422 962 et,
436 889 446 948 i
459 891 547 969 coqui
558 909 684 969 semper,
696 900 732 950 ut
744 889 805 963 hic,
825 888 967 949 creticum
980 889 1027 948 vel
1041 889 1069 949 ai
1083 893 1196 970 Ισόχρο-

96 982 149 1047 ’νον
163 984 261 1044 media
273 985 354 1044 brevi
367 1005 435 1045 esse
448 995 597 1065 oporteret
619 987 732 1047 nullum
753 986 801 1046 hic
815 985 895 1066 apud
915 986 1056 1045 Nostrum
1070 987 1196 1046 licentiae

96 1080 198 1157 locum
212 1099 298 1148 esse;
320 1100 380 1141 non
395 1081 489 1162 magis
504 1101 593 1161 quam
612 1083 642 1143 in
664 1084 723 1144 line
743 1082 861 1144 senarii.
902 1080 977 1143 Haec
991 1103 1128 1144 versuum
1143 1083 1197 1143 ho·

98 1196 162 1237 rum
177 1177 294 1237 indoles
307 1188 339 1238 et
351 1179 416 1246 sola
430 1178 526 1258 gratia
538 1189 604 1238 est:
618 1197 706 1258 quam
720 1179 751 1237 in
765 1189 868 1240 nostra
881 1176 1008 1239 editione
1020 1179 1197 1240 incolumem

96 1272 228 1342 debeam
244 1275 274 1332 in
287 1275 432 1354 prioribus
445 1294 516 1337 vero
529 1285 599 1336 anta
613 1294 669 1337 uos
682 1276 842 1337 innumeris
852 1274 969 1335 mendis
983 1276 1196 1356 strangulatam

101 1381 131 1431 et
144 1370 304 1450 sepultam.

279 1546 455 1623 CRETlCI,
475 1548 710 1624 BACCHIACI,
731 1549 1024 1611 CHORIAMBICI.

138 1684 248 1775 Porro,
270 1703 358 1762 super
380 1682 436 1744 hos
457 1685 600 1747 iambicos
623 1686 858 1767 trochaicosq'ue,
882 1689 971 1749 etiam
990 1688 1118 1763 creticis,
1132 1690 1201 1748 bac·

106 1782 225 1854 chiacis‚
239 1780 502 1862 choriambicisquc
516 1784 659 1857 versibus,
671 1784 722 1844 sed
737 1785 827 1845 semel
837 1794 953 1845 tantum
963 1785 1100 1864 singulis,
1111 1784 1202 1845 utitur

104 1878 258 1939 Terentius
270 1898 277 1946 ;
300 1877 401 1956 cisque
419 1878 449 1937 in
464 1877 603 1939 monodia
616 1877 772 1953 duntaxat,
786 1900 937 1959 nunquam
952 1880 982 1939 in
997 1880 1146 1941 diverbia:
1160 1878 1202 1952 hi,

106 1977 240 2054 ringente
254 1976 325 2036 licet
337 1974 457 2048 invidia,
478 1977 564 2034 nubis
579 1995 611 2035 se
626 1975 706 2056 apud
721 1976 863 2036 Nostrum
877 1974 1007 2035 debent:

104 2120 242 2171 Creticus:
339 2120 425 2170 'lauta
434 2135 467 2170 ve
481 2119 486 2184 Ι
501 2119 588 2170 ctrdir
600 2119 626 2169 in
640 2119 645 2184 Ι
660 2120 721 2169 nita
731 2119 849 2184 cuiquam
863 2117 869 2184 Ι
883 2118 912 2168 nt
924 2117 983 2168 slet.

341 2200 458 2251 castitas
485 2200 613 2265 lcfittitss
641 2199 770 2266 lcastitas
863 2198 1000 2264 'castitas

104 2279 283 2330 Bacclriacus:
343 2279 436 2329 Adnue
447 2279 486 2329 Ar
499 2279 504 2343 Ι
518 2279 600 2344 chylis
612 2294 670 2345 qum
682 2278 714 2328 ad
728 2279 734 2344 Ι
749 2278 832 2329 solist
843 2293 951 2344 qumque
965 2277 971 2344 Ι
984 2277 1098 2343 opdrtet.

341 2356 474 2410 Honestas
487 2358 492 2425 Ι
507 2358 625 2409 honestas
640 2358 645 2426 Ι
659 2358 779 2410 Ιιοιιέεῐαε
793 2359 798 2424 Ι
812 2358 941 2409 honestas.

104 2439 316 2491 lllroriarnbitus:
343 2432 491 2502 'Obstipuit
509 2437 515 2503 Ι
529 2439 637 2504 pectore
648 2454 698 2491 con
713 2439 718 2506 Ι
733 2441 824 2491 sistere
834 2438 869 2489 nll
883 2439 888 2506 Ι
902 2434 993 2489 censiti
1003 2441 1068 2503 quit.

343 2519 494 2570 Cdntrcmui
509 2519 513 2584 Ι
528 2520 672 2570 cdntreruui
708 2520 714 2585 Ι
728 2520 873 2571 c6utrcrnnl
887 2519 891 2585 Ι
906 2518 1086 2571 cintremisco.

102 2640 145 2702 Hi
160 2653 273 2713 tamen,
299 2659 378 2699 more
394 2636 513 2714 Graeco,
534 2642 724 2702 novissimum
746 2642 801 2702 sibi
823 2663 938 2703 versum
954 2642 1073 2703 alterius
1088 2646 1204 2724 generis

101 2748 274 2809 assumunt,
288 2747 320 2795 ut
333 2757 386 2815 pro
401 2737 528 2818 rhythmi
542 2737 654 2798 ratione
669 2758 736 2798 cum
752 2736 875 2818 strepitu
891 2759 925 2798 ac
937 2758 1044 2800 canore
1056 2738 1203 2800 finiantur.

544 2955 773 3017 CLAUSULAE.

147 3072 195 3129 De
210 3068 351 3127 clausulis
366 3070 409 3127 sic
423 3068 517 3127 Varro
531 3070 611 3147 apud
626 3069 777 3141 Rufinum,
792 3089 822 3146 p.
838 3074 927 3129 2707.
951 3078 958 3104 ‘
975 3072 1131 3131 Clausulas
1146 3074 1206 3153 pri·

103 3186 187 3227 mum
217 3162 382 3244 appellatas
408 3163 522 3237 dicunt,
542 3165 623 3243 quod
651 3164 825 3224 clauderent
849 3166 1044 3228 sententiam:
1069 3177 1103 3228 ut
1126 3169 1205 3250 apud

102 3260 252 3324 Accium:

270 3355 317 3412 An
332 3353 407 3414 haec
416 3355 479 3434 jam
492 3354 576 3415 obliti
589 3355 660 3416 stunt
671 3352 829 3437 Phryges?

106 3454 332 3527 Nonnunquam
347 3451 384 3509 ab
397 3449 444 3509 his
456 3451 572 3510 initium
585 3451 638 3519 fit;
660 3462 694 3511 ut
707 3452 788 3531 apud
803 3453 972 3514 Coecilium:

353 3545 393 3604 Di
406 3545 487 3617 boni,
500 3544 665 3624 quidhoc?

107 3641 189 3721 apud
202 3640 389 3700 Terentium:
592 3641 762 3702 Discrucior
775 3643 887 3704 animi!

109 3737 190 3797 Huic
204 3735 316 3795 ultimae
331 3736 409 3795 adde
420 3736 508 3796 aliam
522 3755 558 3795 ex
573 3736 703 3798 Nostro:

552 3824 665 3891 Occidi.

111 3926 255 3986 Ceterum·
266 3926 303 3986 de
316 3927 459 3997 clausulis
473 3928 529 3988 hoc
543 3949 603 3987 uno
618 3929 707 3990 verbo
721 3930 832 3990 dixisse
846 3930 989 3990 sufficiat:
1005 3928 1029 3986 si
1044 3928 1081 3986 ab
1095 3927 1137 3986 eis
1152 3927 1206 3984 ini·

109 4016 184 4083 iiam
198 4024 243 4095 fit,
256 4024 356 4082 liberae
372 4035 441 4085 sunt
455 4037 485 4084 et
498 4024 608 4084 nullius
623 4027 707 4086 metri
728 4028 843 4106 legibus
859 4027 1005 4085 astrictae:
1028 4024 1072 4083 sin
1088 4032 1207 4083 senten·

96 4104 182 4178 'tiam
202 4117 357 4192 claudunt,
380 4139 398 4178 a
418 4120 655 4198 praecedentibus
677 4121 773 4200 legem
797 4123 953 4200 accipiunt.
996 4120 1117 4181 Scilicet
1139 4128 1207 4204 post

177 4229 266 4292 nupt.
276 4235 301 4278 et
311 4229 368 4279 Vur.
379 4231 445 4283 ctu.
618 4232 711 4281 Terent.
1006 4236 1008 4240 '
1117 4233 1141 4283 Q
