2678 4702
376 331 549 381 nonnoni
573 334 658 393 sor.
676 333 715 387 rr.
738 333 792 383 so.
809 334 865 383 ιιι.
1001 390 1003 401 ,
1109 319 1173 386 448

67 475 140 539 ΡΑ.
162 470 255 553 Quid
268 472 379 538 ishroi
410 474 441 539 ei
463 481 586 541 certum
609 483 662 543 est
683 477 806 557 facere,
821 478 951 543 facias:
981 497 1107 559 verum,
1129 499 1172 544 ne

203 582 283 660 post
298 577 450 642 conferas

69 677 219 762 Culpam
245 677 280 741 in
306 699 369 744 me.
413 679 481 744 Gn.
506 679 585 745 Non
616 681 751 746 faciam.
796 680 863 745 ΡΑ.
886 681 1059 748 Juhcsnei
1103 683 1172 749 Gir.

201 780 225 845 J
227 781 326 859 obeo,
341 800 436 865 cogo,
452 790 561 866 atque·
571 784 723 868 impero..

68 881 256 967 Nunquam
271 881 438 966 defugiam
464 886 716 951 auctoritatem:
740 902 891 969 sequere.
935 885 1003 951 Pr.
1028 887 1075 955 Di
1090 909 1173 959 uor-

202 991 271 1050 tant
284 987 382 1050 bene.

68 1161 132 1220 quod
142 1161 295 1222 aggrederis?
311 1161 341 1211 Si
352 1160 397 1212 tibi
406 1162 558 1211 constitutum
567 1166 602 1212 ert
612 1161 835 1223 idsuoere,fooiur,·
852 1177 941 1222 oerum,
952 1165 975 1214 ei
989 1165 1045 1229 quid
1061 1164 1106 1213 tihi
1117 1165 1175 1214 maii

67 1235 101 1297 ex
117 1238 147 1272 eo
162 1240 188 1275 re
203 1225 338 1289 contigerit,
355 1241 385 1279 uc
403 1227 462 1275 mih
477 1241 571 1276 commu
581 1227 680 1277 tribrmr.
714 1228 766 1276 Cu.
785 1230 944 1289 Noasooiom.
977 1231 1029 1279 ΡΑ.
1047 1229 1175 1278 Ideernr‘lri

67 1296 188 1352 nuperus?
219 1291 271 1340 Cn.
288 1291 375 1354 dobeo,
392 1306 458 1352 cogo,
475 1297 545 1356 utque
562 1293 664 1356 impero.-
679 1308 725 1342 noa
736 1292 857 1358 inficiabor
867 1294 1005 1357 hoesootrcrr
1015 1309 1064 1345 cose
1074 1309 1110 1345 m
1120 1309 1174 1344 uec·

67 1355 129 1401 tore.
163 1354 214 1405 Pr.
230 1353 339 1419 Sequere.
373 1357 418 1406 Dii
428 1356 490 1406 homo
499 1361 606 1407 coretum
614 1371 749 1422 prosperum
759 1359 866 1410 reddunt.

536 1506 717 1528 ”unumve

67 1623 109 1670 ert
120 1617 182 1667 Par.
215 1619 281 1671 Qum
290 1621 351 1671 ieet.
363 1621 539 1685 planissimum
547 1621 635 1671 reddit
645 1636 758 1684 reorum,
773 1637 926 1688 omnemque
937 1622 971 1673 de
989 1628 1064 1687 patre
1081 1623 1175 1676 iectio-

67 1694 129 1732 nem
142 1683 267 1734 excludit.
287 1685 365 1735 West.
398 1686 460 1735 Hoee
477 1687 531 1749 poti
551 1687 634 1736 nostri
652 1701 753 1747 omues3
772 1687 823 1736 nisi
843 1687 911 1751 quod
930 1702 994 1737 unus
1018 1695 1136 1739 vetustus
1159 1705 1175 1740 a

67 1748 1174 1879 &adhibituri''ritrbiiri'rrdri‘irritatrrrrriirh

64 1877 121 1940 potr·
140 1875 332 1940 degenerasset.
365 1830 876 1940 13raererea,qugnampistasuntaaer
899 1895 1003 1943 nempe,
1022 1833 1174 1938 iuqdomnm

68 1940 244 2005 meretriciam
254 1942 358 2006 deduci,
373 1942 494 1992 crucibus
513 1943 682 2005 illisgratiam
695 1940 801 1992 referre.
836 1943 877 1992 An
896 1944 947 1992 hae
963 1945 1098 2009 potrifleri
1117 1960 1175 2009 pos·

67 2005 149 2055 eunt?
185 2005 277 2055 Haeret
295 2007 338 2056 hic
355 2022 440 2071 aqua:
459 2015 488 2056 et
507 2008 593 2069 sapuit
612 2009 642 2056 Τ.
662 2008 758 2068 Faber,
781 2007 825 2071 qui
844 2009 888 2056 boe
907 2010 974 2056 curri
994 2008 1073 2066 ebat,
1091 2015 1119 2059 et
1139 2010 1173 2059 ad

66 2070 206 2134 sequentia
217 2071 318 2134 retulit,
334 2072 380 2120 ‘ut
392 2086 407 2121 a
417 2085 458 2120 me
470 2070 576 2122 ludatur
591 2070 657 2120 dolis
667 2069 684 2120 :'
700 2086 776 2135 quern
793 2069 893 2121 frustra
911 2072 945 2121 ob
965 2023 993 2120 id
1012 2072 1116 2136 sugillat
1136 2074 1176 2123 uir·

68 2134 196 2189 eruditus.
228 2135 291 2201 Sed,
307 2142 337 2185 ut
349 2136 414 2197 dixi,
429 2137 507 2187 eitius
516 2134 620 2202 aliquod
632 2138 697 2185 latet
709 2137 790 2198 uicus,
807 2136 877 2186 uude
891 2135 955 2185 iilud
972 2137 1025 2198 poti
1042 2135 1175 2200 profluxit.

68 2197 140 2250 Vide
150 2213 183 2247 au
195 2207 266 2249 recte
276 2201 437 2250 ornaverim:
455 2200 524 2251 absit
534 2201 611 2251 modo
619 2209 647 2250 ut
655 2199 777 2248 infundas
787 2215 894 2250 succum
905 2201 1032 2263 loliginis:
1045 2201 1086 2250 Aa
1094 2202 1176 2265 potiere

66 2268 196 2378 {gaique
205 2272 352 2328 aeqoumeet,
365 2271 497 2328 poteruto
515 2280 551 2315 me
569 2266 668 2315 indutor
680 2265 755 2314 dolis?
771 2265 851 2314 Bent.
886 2265 1036 2331 Legeudum
1047 2265 1177 2329 nepaes·

119 2327 190 2391 putri
200 2344 293 2392 requam
308 2336 343 2379 eet
354 2329 424 2394 Jim‘.
441 2331 473 2379 R.
486 2332 519 2378 D.
551 2329 646 2379 Totum
657 2329 725 2379 huno
736 2343 773 2378 vs.
789 2329 892 2379 eBent.
903 2328 1067 2378 emendatum
1080 2332 1176 2396 recepi.

68 2392 150 2457 vulg.
162 2406 268 2442 mancus
279 2395 343 2442 satie
354 2401 397 2443 est
408 2401 487 2458 atque
500 2393 632 2444 obscurus.
650 2394 718 2443 Peri.
751 2394 830 2442 Bent.
842 2393 892 2442 alia
904 2408 955 2443 non
967 2393 1075 2456 pulchre
1087 2396 1175 2453 audet.

69 2453 184 2507 Petatur
194 2458 307 2521 vulgata.
325 2459 385 2523 Rip.
419 2459 480 2508 Pori
497 2473 585 2509 omnes
602 2458 692 2507 nostri.
710 2457 786 2507 Both.
803 2457 847 2522 qui
866 2457 907 2507 Aa
924 2458 1005 2520 potins
1022 2473 1113 2520 oeqrrrrrrr
1128 2464 1176 2522 ert,

66 2522 136 2637 finiri
146 2521 268 2588 hoeofien',
284 2526 321 2585 rit,
332 2525 373 2584 tre.
384 2522 498 2572 exbibet.
531 2523 571 2572 Aa
581 2523 661 2586 potiar
670 2521 721 2571 boee
729 2523 795 2584 potrr'
805 2535 898 2585 oeqrum
909 2521 1016 2586 eatfieri,
1033 2527 1069 2582 rrt,
1082 2524 1124 2584 bc.
1142 2524 1174 2574 Z.

93 2586 131 2653 ip.
158 2584 438 2664 Rescioerr'rrtBrs-bb
453 2587 515 2635 Istic
525 2585 936 2638 Br.Z.Bent.Botb.Perl.-97
956 2589 1030 2649 Cogo-
1053 2586 1177 2663 big-im

68 2665 146 2767 tta
164 2645 651 2766 irridebit·§biiiit‘a
664 2649 788 2778 'cirri
806 2649 1071 2772 ..iderabit
1084 2666 1178 2767 :trit

68 2776 163 2830 codice
174 2790 263 2830 nostro
274 2780 422 2830 veterrimo.
455 2780 544 2830 Nostri
555 2794 643 2828 omues
656 2780 699 2829 bic
717 2794 776 2828 cum
786 2786 853 2829 vett.
865 2780 932 2829 Edd.
942 2779 1020 2828 debeo
1029 2781 1100 2829 immo
1110 2796 1176 2843 cm.

68 2840 148 2895 Unde
170 2841 248 2894 facile
269 2843 320 2894 fuit
339 2845 485 2908 refingeret
512 2843 608 2893 «iubeat
640 2843 694 2892 Cn.
710 2842 805 2894 debeo?
827 2843 897 2893 imm
916 2858 974 2904 cogo
993 2849 1063 2906 utque
1076 2844 1175 2907 impero.

69 2904 129 2959 Nisi
142 2908 326 2972 post‘Juheo’
344 2907 572 2972 interrogationem
594 2918 683 2970 ponas,
695 2907 818 2971 *putidum
839 2915 881 2956 est
898 2908 984 2957 imaro:
1000 2908 1046 2956 sed
1067 2910 1109 2956 vei
1128 2910 1177 2973 ric,

35 3004 38 3008 -
67 2966 147 3034 louge
168 2973 257 3023 melius
275 2971 359 3024 abest.
394 2974 441 3022 Vir
462 2987 524 3022 vero
546 2971 672 3033 eruditos,
687 2973 729 3034 qui
751 2971 887 3034 libentius,
910 2978 939 3020 ut
962 2973 1010 3036 ait,
1033 2973 1070 3021 sie
1088 2973 1173 3036 leget:

67 3036 167 3087 suberi
189 3037 349 3098 Immojubeo,
359 3053 424 3099 cogo,
436 3042 505 3100 utque
515 3037 614 3100 impero,
631 3045 660 3085 ut
670 3037 759 3096 daber,
776 3035 845 3100 quod
856 3036 1014 3099 praecipuum
1033 3037 1174 3099 emphasim
1268 3060 1270 3064 ⁴

66 3101 167 3152 hahere
187 3100 287 3162 debuit,
303 3102 330 3150 in
349 3103 426 3151 Tbesi
446 3103 634 3165 supprimatur,
656 3102 707 3151 alio
729 3106 841 3149 mentem
860 3100 912 3150 alio
933 3114 1021 3149 aorem
1042 3100 1175 3151 diviserat.

66 3166 144 3219 Bar.
177 3164 264 3226 dobeo,
274 3166 345 3215 immo
355 3181 413 3228 cogo
424 3167 483 3230 [Br.
497 3167 538 3229 et]
558 3167 589 3215 R.
606 3166 680 3214 Lied.
714 3165 790 3213 Immo
810 3165 873 3214 Par.
892 3165 957 3215 Peri.
992 3166 1045 3214 Pro
1064 3165 1120 3215 Nor
1131 3166 1175 3224 su-

65 3231 134 3281 ein
150 3230 230 3280 Both.
247 3229 327 3280 hahet
346 3232 410 3281 Noa.
444 3230 635 3292 Faciam-98
660 3229 712 3279 Ma.
729 3229 801 3291 lips.
828 3231 880 3278 Pe.
906 3229 1176 3293 Nunqemoesugrm

66 3294 251 3359 modinum:
266 3309 370 3358 sequere.
404 3296 458 3346 Cn.
473 3295 510 3344 Di
526 3299 621 3344 rortoot
638 3292 704 3343 berre.
737 3294 801 3342 Mss.
818 3294 879 3342 eiii:
897 3293 968 3342 Pan.
986 3295 1114 3358 Nunqrruet
1133 3297 1174 3346 de·

72 3358 352 3423 egionoocton'totem.
379 3360 432 3409 Cir.
450 3360 561 3422 Sequere.
590 3357 727 3410 Quomodo
738 3366 766 3407 et
777 3359 829 3407 Do.
842 3358 945 3408 videtur
954 3359 1059 3423 legisse.
1086 3357 1176 3425 Atque

66 3425 106 3476 rte
117 3423 194 3474 estin
207 3423 262 3473 ΕΡ.
291 3425 396 3474 Rectius
408 3429 495 3473 autern
507 3428 645 3488 utrumque
657 3424 771 3474 Chaereae
784 3423 917 3474 tribuitur.
932 3424 1006 3474 Wert.
1040 3423 1092 3474 ΡΑ.
1105 3425 1176 3476 Nrrn·

65 3487 467 3554 qundesugimouctoa'tutemr
483 3503 587 3552 sequere.
621 3489 674 3538 Cn.
695 3487 730 3536 Di
746 3492 842 3537 omtoat
860 3487 924 3538 berre.
959 3487 1067 3539 Accede
1086 3503 1176 3540 eorum

66 3553 220 3615 sententiae,
236 3553 280 3617 qui
292 3559 385 3615 putarit
396 3554 441 3602 hae
452 3567 575 3616 personas
586 3554 653 3602 male
673 3566 731 3601 erse
750 3553 905 3616 inscriptam
921 3559 949 3603 et
968 3555 1055 3618 priora
1072 3553 1176 3617 quidem

64 3618 96 3668 in
118 3630 233 3680 perrona
254 3617 369 3668 Chareae
391 3616 575 3680 continuanda,
599 3617 744 3679 posteriora
771 3617 927 3667 Parmenoni
954 3617 1100 3668 tribuenda.
1128 3614 1175 3667 Fe.

67 3683 156 3734 Recte
174 3682 237 3730 hoc:
255 3688 284 3730 et
305 3682 459 3732 aberrarunt
481 3695 569 3731 omues
588 3681 695 3744 librarii,
720 3689 855 3744 praeeunte
875 3682 990 3731 Donato.
1007 3683 1081 3731 Beet.
1113 3681 1178 3732 ‘Se-

68 3745 169 3811 quere'
181 3745 317 3796 Bentleins
329 3747 410 3810 [utet
422 3747 511 3810 Both]
523 3746 689 3807 Parmenoni,
705 3746 748 3810 qui
765 3747 878 3811 loquitur
894 3747 949 3795 ‘Di
966 3751 1071 3795 vortant
1089 3744 1176 3809 hene‚'

67 3811 173 3864 tribuit.
207 3809 283 3862 Quod
304 3811 462 3873 praeferend.
480 3810 591 3860 videtur.
608 3811 683 3859 Zereia
717 3811 797 3875 Nurq.
812 3811 860 3869 des.
878 3815 941 3859 unct.
956 3810 989 3858 oi.
1010 3809 1069 3858 edd.
1086 3809 1177 3872 inepte

69 3875 371 3926 triburtharmenoni.
387 3877 447 3938 Bip.
483 3875 555 3924 Tuom
568 3873 692 3925 Guelf.2.
711 3875 777 3925 Peri.
809 3876 851 3924 Sic
862 3876 908 3924 Br.
923 3874 986 3924 datr
1003 3874 1075 3923 PAR.
1093 3875 1176 3938 ΝΜ.

66 3934 199 4003 diffugium
214 3954 239 3991 u.
254 3954 275 3989 r.
308 3939 379 3989 Pan.
397 3941 433 3990 Di
449 3940 505 3988 ab.
540 3940 623 3989 Notat
642 3940 726 3989 Bruus
745 3940 770 3988 iu
788 3939 969 4002 corrigendis:
985 3938 1074 3989 ‘Edit
1085 3938 1177 3990 tribuit

70 4007 156 4119 ἕως.
167 4006 228 4119 dhe.
240 4018 296 4119 seq:
304 4004 437 4055 Chaereae:
454 4004 538 4056 miuus
548 4009 618 4069 apte.
649 4004 769 4056 Alterum
780 4004 854 4056 Pan.
864 4004 892 4055 io
902 4003 961 4054 cod.
982 4010 1024 4054 est
1044 4003 1070 4053 in
1088 4003 1175 4056 litura.

90 4070 182 4121 cribeu
203 4075 263 4119 .eet
297 4068 337 4118 n.'
