<?xml version="1.0" encoding="UTF-8"?>
<!DOCTYPE html PUBLIC "-//W3C//DTD XHTML 1.0 Transitional//EN"
    "http://www.w3.org/TR/xhtml1/DTD/xhtml1-transitional.dtd">
<html xmlns="http://www.w3.org/1999/xhtml" xml:lang="en" lang="en">
 <head>
  <title>
</title>
<meta http-equiv="Content-Type" content="text/html;charset=utf-8" />
  <meta name='ocr-system' content='tesseract 3.04.00' />
  <meta name='ocr-capabilities' content='ocr_page ocr_carea ocr_par ocr_line ocrx_word'/>
</head>
<body>
  <div class='ocr_page' id='page_1' title='image "./comoedisex03westgoog_0261.png"; bbox 0 0 2678 4702; ppageno 0'>
   <div class='ocr_carea' id='block_1_1' title="bbox 117 284 881 354">
    <p class='ocr_par' dir='ltr' id='par_1_1' title="bbox 117 284 881 354">
     <span class='ocr_line' id='line_1_1' title="bbox 117 284 881 354; baseline 0 -9"><span class='ocrx_word' id='word_1_1' title='bbox 117 284 183 354; x_wconf 72' lang='lat'><strong>248</strong></span> <span class='ocrx_word' id='word_1_2' title='bbox 454 295 647 346; x_wconf 77' lang='lat' dir='ltr'><strong>urcnunus</strong></span> <span class='ocrx_word' id='word_1_3' title='bbox 670 296 881 347; x_wconf 76' lang='lat' dir='ltr'><strong>nnurrnrus</strong></span> 
     </span>
    </p>
   </div>
   <div class='ocr_carea' id='block_1_2' title="bbox 159 434 1259 1179">
    <p class='ocr_par' dir='ltr' id='par_1_2' title="bbox 159 434 1259 1179">
     <span class='ocr_line' id='line_1_2' title="bbox 159 434 1088 518; baseline -0.004 -18"><span class='ocrx_word' id='word_1_4' title='bbox 159 440 258 518; x_wconf 69' lang='lat' dir='ltr'><strong>Negat</strong></span> <span class='ocrx_word' id='word_1_5' title='bbox 271 439 354 517; x_wconf 79' lang='lat' dir='ltr'><strong>quis!</strong></span> <span class='ocrx_word' id='word_1_6' title='bbox 369 434 455 516; x_wconf 69' lang='lat' dir='ltr'><strong>nego,</strong></span> <span class='ocrx_word' id='word_1_7' title='bbox 466 437 517 508; x_wconf 90' lang='lat' dir='ltr'><strong>ait,</strong></span> <span class='ocrx_word' id='word_1_8' title='bbox 531 437 588 496; x_wconf 88' lang='lat' dir='ltr'><strong>aio.</strong></span> <span class='ocrx_word' id='word_1_9' title='bbox 704 435 765 496; x_wconf 87' lang='lat' dir='ltr'><strong>Sed</strong></span> <span class='ocrx_word' id='word_1_10' title='bbox 778 436 886 495; x_wconf 88' lang='lat' dir='ltr'><strong>ostium</strong></span> <span class='ocrx_word' id='word_1_11' title='bbox 899 436 1088 518; x_wconf 79' lang='lat' dir='ltr'><strong>cbucrepuit.</strong></span> 
     </span>
     <span class='ocr_line' id='line_1_3' title="bbox 161 530 1125 611; baseline -0.003 -17"><span class='ocrx_word' id='word_1_12' title='bbox 161 532 324 603; x_wconf 72' lang='lat' dir='ltr'><strong>Enimvero,</strong></span> <span class='ocrx_word' id='word_1_13' title='bbox 335 532 478 604; x_wconf 85' lang='lat' dir='ltr'><strong>Dave,nil</strong></span> <span class='ocrx_word' id='word_1_14' title='bbox 491 531 548 592; x_wconf 89' lang='lat' dir='ltr'><strong>loci</strong></span> <span class='ocrx_word' id='word_1_15' title='bbox 556 542 611 596; x_wconf 90' lang='lat' dir='ltr'><strong>est.</strong></span> <span class='ocrx_word' id='word_1_16' title='bbox 708 530 826 590; x_wconf 77' lang='lat' dir='ltr'><strong>Nemini</strong></span> <span class='ocrx_word' id='word_1_17' title='bbox 840 531 926 611; x_wconf 79' lang='lat' dir='ltr'><strong>plura</strong></span> <span class='ocrx_word' id='word_1_18' title='bbox 939 534 1059 591; x_wconf 88' lang='lat' dir='ltr'><strong>acerba.</strong></span> <span class='ocrx_word' id='word_1_19' title='bbox 1121 564 1125 571; x_wconf 93' lang='lat'>·</span> 
     </span>
     <span class='ocr_line' id='line_1_4' title="bbox 159 625 1076 707; baseline -0.001 -18"><span class='ocrx_word' id='word_1_20' title='bbox 159 632 278 689; x_wconf 85' lang='lat' dir='ltr'><strong>Habent</strong></span> <span class='ocrx_word' id='word_1_21' title='bbox 291 627 455 705; x_wconf 72' lang='lat' dir='ltr'><strong>despicatu.</strong></span> <span class='ocrx_word' id='word_1_22' title='bbox 711 627 791 699; x_wconf 90' lang='lat' dir='ltr'>Quid</span> <span class='ocrx_word' id='word_1_23' title='bbox 803 625 909 707; x_wconf 67' lang='lat' dir='ltr'><strong>ignire</strong></span> <span class='ocrx_word' id='word_1_24' title='bbox 923 628 1076 707; x_wconf 87' lang='lat' dir='ltr'><strong>peniculo.</strong></span> 
     </span>
     <span class='ocr_line' id='line_1_5' title="bbox 161 723 1064 803; baseline -0.004 -17"><span class='ocrx_word' id='word_1_25' title='bbox 161 725 252 786; x_wconf 88' lang='lat' dir='ltr'><strong>Dolet</strong></span> <span class='ocrx_word' id='word_1_26' title='bbox 263 723 375 784; x_wconf 89' lang='lat' dir='ltr'><strong>dictum</strong></span> <span class='ocrx_word' id='word_1_27' title='bbox 389 723 576 803; x_wconf 84' lang='lat' dir='ltr'>imprudenti.</span> <span class='ocrx_word' id='word_1_28' title='bbox 711 725 770 784; x_wconf 89' lang='lat' dir='ltr'><strong>Sed</strong></span> <span class='ocrx_word' id='word_1_29' title='bbox 785 733 871 784; x_wconf 87' lang='lat' dir='ltr'><strong>estne</strong></span> <span class='ocrx_word' id='word_1_30' title='bbox 884 723 934 784; x_wconf 90' lang='lat' dir='ltr'><strong>ille</strong></span> <span class='ocrx_word' id='word_1_31' title='bbox 949 736 1064 784; x_wconf 89' lang='lat' dir='ltr'><strong>noster.</strong></span> 
     </span>
     <span class='ocr_line' id='line_1_6' title="bbox 159 817 1038 899; baseline -0.001 -19"><span class='ocrx_word' id='word_1_32' title='bbox 159 821 253 881; x_wconf 81' lang='lat' dir='ltr'>Adest</span> <span class='ocrx_word' id='word_1_33' title='bbox 267 818 377 899; x_wconf 78' lang='lat' dir='ltr'><strong>optime</strong></span> <span class='ocrx_word' id='word_1_34' title='bbox 391 821 464 899; x_wconf 88' lang='lat' dir='ltr'><strong>ipse.</strong></span> <span class='ocrx_word' id='word_1_35' title='bbox 711 819 821 879; x_wconf 89' lang='lat' dir='ltr'><strong>Tamen</strong></span> <span class='ocrx_word' id='word_1_36' title='bbox 836 817 884 878; x_wconf 83' lang='lat' dir='ltr'><strong>vlu</strong></span> <span class='ocrx_word' id='word_1_37' title='bbox 897 819 1038 879; x_wconf 89' lang='lat' dir='ltr'><strong>humane.</strong></span> 
     </span>
     <span class='ocr_line' id='line_1_7' title="bbox 161 915 1048 978; baseline -0.002 -2"><span class='ocrx_word' id='word_1_38' title='bbox 161 919 264 978; x_wconf 81' lang='lat' dir='ltr'><strong>Solent</strong></span> <span class='ocrx_word' id='word_1_39' title='bbox 275 915 342 977; x_wconf 72' lang='lat' dir='ltr'><strong>esse</strong></span> <span class='ocrx_word' id='word_1_40' title='bbox 356 916 386 976; x_wconf 92' lang='lat' dir='ltr'><strong>id</strong></span> <span class='ocrx_word' id='word_1_41' title='bbox 402 936 461 975; x_wconf 92' lang='lat' dir='ltr'><strong>non</strong></span> <span class='ocrx_word' id='word_1_42' title='bbox 477 917 519 975; x_wconf 86' lang='lat' dir='ltr'><strong>fit.</strong></span> <span class='ocrx_word' id='word_1_43' title='bbox 716 917 810 976; x_wconf 88' lang='lat' dir='ltr'><strong>Tacet</strong></span> <span class='ocrx_word' id='word_1_44' title='bbox 822 917 875 976; x_wconf 83' lang='lat' dir='ltr'><strong>cim</strong></span> <span class='ocrx_word' id='word_1_45' title='bbox 889 936 948 976; x_wconf 91' lang='lat' dir='ltr'><strong>non</strong></span> <span class='ocrx_word' id='word_1_46' title='bbox 962 915 1048 976; x_wconf 91' lang='lat' dir='ltr'><strong>ludo.</strong></span> 
     </span>
     <span class='ocr_line' id='line_1_8' title="bbox 160 1010 1123 1093; baseline 0.001 -21"><span class='ocrx_word' id='word_1_47' title='bbox 160 1013 241 1083; x_wconf 85' lang='lat' dir='ltr'>Quid</span> <span class='ocrx_word' id='word_1_48' title='bbox 256 1013 326 1074; x_wconf 86' lang='lat' dir='ltr'><strong>huic</strong></span> <span class='ocrx_word' id='word_1_49' title='bbox 340 1011 388 1073; x_wconf 84' lang='lat' dir='ltr'><strong>htc</strong></span> <span class='ocrx_word' id='word_1_50' title='bbox 402 1012 541 1093; x_wconf 79' lang='lat' dir='ltr'><strong>negotist.</strong></span> <span class='ocrx_word' id='word_1_51' title='bbox 717 1013 809 1073; x_wconf 90' lang='lat' dir='ltr'><strong>Jubet</strong></span> <span class='ocrx_word' id='word_1_52' title='bbox 822 1010 935 1071; x_wconf 70' lang='lat' dir='ltr'><strong>nster?</strong></span> <span class='ocrx_word' id='word_1_53' title='bbox 955 1012 1008 1071; x_wconf 93' lang='lat' dir='ltr'><strong>ubi</strong></span> <span class='ocrx_word' id='word_1_54' title='bbox 1023 1012 1048 1072; x_wconf 90' lang='lat' dir='ltr'><strong>is</strong></span> <span class='ocrx_word' id='word_1_55' title='bbox 1064 1024 1123 1073; x_wconf 89' lang='lat' dir='ltr'><strong>est.</strong></span> 
     </span>
     <span class='ocr_line' id='line_1_9' title="bbox 160 1107 1259 1179; baseline -0.001 -10"><span class='ocrx_word' id='word_1_56' title='bbox 160 1109 287 1170; x_wconf 85' lang='lat' dir='ltr'><strong>Student</strong></span> <span class='ocrx_word' id='word_1_57' title='bbox 301 1108 409 1170; x_wconf 73' lang='lat' dir='ltr'><strong>ficere.</strong></span> <span class='ocrx_word' id='word_1_58' title='bbox 715 1109 824 1168; x_wconf 85' lang='lat' dir='ltr'><strong>Omnia</strong></span> <span class='ocrx_word' id='word_1_59' title='bbox 837 1107 940 1169; x_wconf 81' lang='lat' dir='ltr'><strong>bmnes</strong></span> <span class='ocrx_word' id='word_1_60' title='bbox 954 1107 1007 1169; x_wconf 93' lang='lat' dir='ltr'><strong>ubi</strong></span> <span class='ocrx_word' id='word_1_61' title='bbox 1019 1111 1193 1170; x_wconf 91' lang='lat' dir='ltr'><strong>resciscunt.</strong></span> <span class='ocrx_word' id='word_1_62' title='bbox 1255 1160 1259 1179; x_wconf 78' lang='grc'>,</span> 
     </span>
    </p>
   </div>
   <div class='ocr_carea' id='block_1_3' title="bbox 118 1251 1223 2478">
    <p class='ocr_par' dir='ltr' id='par_1_3' title="bbox 118 1251 1223 2478">
     <span class='ocr_line' id='line_1_10' title="bbox 122 1251 1213 1332; baseline -0.003 -17"><span class='ocrx_word' id='word_1_63' title='bbox 122 1254 198 1325; x_wconf 87' lang='lat' dir='ltr'><strong>Hoc,</strong></span> <span class='ocrx_word' id='word_1_64' title='bbox 213 1263 246 1313; x_wconf 93' lang='lat' dir='ltr'><strong>ut</strong></span> <span class='ocrx_word' id='word_1_65' title='bbox 260 1252 353 1326; x_wconf 84' lang='lat' dir='ltr'><strong>vides,</strong></span> <span class='ocrx_word' id='word_1_66' title='bbox 367 1252 495 1314; x_wconf 88' lang='lat' dir='ltr'><strong>Terentii</strong></span> <span class='ocrx_word' id='word_1_67' title='bbox 513 1252 658 1332; x_wconf 91' lang='lat' dir='ltr'><strong>judicium</strong></span> <span class='ocrx_word' id='word_1_68' title='bbox 680 1262 760 1320; x_wconf 69' lang='lat' dir='ltr'><strong>eratr</strong></span> <span class='ocrx_word' id='word_1_69' title='bbox 784 1264 817 1312; x_wconf 93' lang='lat' dir='ltr'><strong>ut</strong></span> <span class='ocrx_word' id='word_1_70' title='bbox 833 1251 863 1313; x_wconf 94' lang='lat' dir='ltr'><strong>in</strong></span> <span class='ocrx_word' id='word_1_71' title='bbox 877 1253 971 1330; x_wconf 89' lang='lat' dir='ltr'><strong>primo</strong></span> <span class='ocrx_word' id='word_1_72' title='bbox 986 1252 1050 1315; x_wconf 83' lang='lat' dir='ltr'><strong>iere</strong></span> <span class='ocrx_word' id='word_1_73' title='bbox 1064 1254 1143 1332; x_wconf 91' lang='lat' dir='ltr'><strong>pede</strong></span> <span class='ocrx_word' id='word_1_74' title='bbox 1157 1273 1213 1315; x_wconf 84' lang='lat' dir='ltr'><strong>vcr-</strong></span> 
     </span>
     <span class='ocr_line' id='line_1_11' title="bbox 121 1347 1214 1428; baseline 0.004 -21"><span class='ocrx_word' id='word_1_75' title='bbox 121 1367 183 1420; x_wconf 84' lang='lat' dir='ltr'><strong>sus,</strong></span> <span class='ocrx_word' id='word_1_76' title='bbox 196 1348 246 1409; x_wconf 93' lang='lat' dir='ltr'><strong>ubi</strong></span> <span class='ocrx_word' id='word_1_77' title='bbox 265 1349 393 1428; x_wconf 82' lang='lat' dir='ltr'><strong>paratior</strong></span> <span class='ocrx_word' id='word_1_78' title='bbox 406 1349 492 1408; x_wconf 85' lang='lat' dir='ltr'><strong>uenia</strong></span> <span class='ocrx_word' id='word_1_79' title='bbox 513 1359 569 1420; x_wconf 87' lang='lat' dir='ltr'><strong>est,</strong></span> <span class='ocrx_word' id='word_1_80' title='bbox 595 1347 713 1409; x_wconf 85' lang='lat' dir='ltr'><strong>licentia</strong></span> <span class='ocrx_word' id='word_1_81' title='bbox 726 1347 778 1407; x_wconf 86' lang='lat' dir='ltr'><strong>illa</strong></span> <span class='ocrx_word' id='word_1_82' title='bbox 792 1358 943 1411; x_wconf 83' lang='lat' dir='ltr'><strong>uteretur:</strong></span> <span class='ocrx_word' id='word_1_83' title='bbox 964 1347 1082 1411; x_wconf 90' lang='lat' dir='ltr'><strong>idcirco</strong></span> <span class='ocrx_word' id='word_1_84' title='bbox 1097 1368 1214 1412; x_wconf 83' lang='lat' dir='ltr'><strong>excusa·</strong></span> 
     </span>
     <span class='ocr_line' id='line_1_12' title="bbox 118 1427 1217 1524; baseline -0.002 -19"><span class='ocrx_word' id='word_1_85' title='bbox 118 1444 186 1517; x_wconf 91' lang='lat' dir='ltr'><strong>tior,</strong></span> <span class='ocrx_word' id='word_1_86' title='bbox 198 1445 280 1523; x_wconf 93' lang='lat' dir='ltr'><strong>quod</strong></span> <span class='ocrx_word' id='word_1_87' title='bbox 293 1464 353 1505; x_wconf 89' lang='lat' dir='ltr'><strong>non</strong></span> <span class='ocrx_word' id='word_1_88' title='bbox 368 1445 432 1524; x_wconf 88' lang='lat' dir='ltr'><strong>ipse</strong></span> <span class='ocrx_word' id='word_1_89' title='bbox 452 1463 516 1505; x_wconf 87' lang='lat' dir='ltr'><strong>eam</strong></span> <span class='ocrx_word' id='word_1_90' title='bbox 536 1443 646 1524; x_wconf 85' lang='lat' dir='ltr'><strong>primus</strong></span> <span class='ocrx_word' id='word_1_91' title='bbox 672 1427 822 1512; x_wconf 76' lang='lat' dir='ltr'><strong>intulerit3</strong></span> <span class='ocrx_word' id='word_1_92' title='bbox 844 1443 897 1503; x_wconf 86' lang='lat' dir='ltr'><strong>sed</strong></span> <span class='ocrx_word' id='word_1_93' title='bbox 916 1442 1073 1516; x_wconf 85' lang='lat' dir='ltr'><strong>aPlauto,</strong></span> <span class='ocrx_word' id='word_1_94' title='bbox 1088 1444 1217 1514; x_wconf 68' lang='lat' dir='ltr'><strong>Caecilio.</strong></span> 
     </span>
     <span class='ocr_line' id='line_1_13' title="bbox 120 1538 1216 1620; baseline 0.002 -21"><span class='ocrx_word' id='word_1_95' title='bbox 120 1540 283 1620; x_wconf 85' lang='lat' dir='ltr'><strong>ceterisque</strong></span> <span class='ocrx_word' id='word_1_96' title='bbox 297 1553 359 1602; x_wconf 91' lang='lat' dir='ltr'><strong>tum</strong></span> <span class='ocrx_word' id='word_1_97' title='bbox 373 1542 403 1601; x_wconf 91' lang='lat' dir='ltr'><strong>in</strong></span> <span class='ocrx_word' id='word_1_98' title='bbox 418 1561 509 1602; x_wconf 90' lang='lat' dir='ltr'><strong>scena</strong></span> <span class='ocrx_word' id='word_1_99' title='bbox 516 1541 707 1619; x_wconf 79' lang='lat' dir='ltr'><strong>regnantibus</strong></span> <span class='ocrx_word' id='word_1_100' title='bbox 717 1550 870 1620; x_wconf 81' lang='lat' dir='ltr'><strong>acceptam</strong></span> <span class='ocrx_word' id='word_1_101' title='bbox 881 1539 1045 1601; x_wconf 80' lang='lat' dir='ltr'><strong>retinuerit.</strong></span> <span class='ocrx_word' id='word_1_102' title='bbox 1091 1538 1216 1603; x_wconf 81' lang='lat' dir='ltr'><strong>Licentia</strong></span> 
     </span>
     <span class='ocr_line' id='line_1_14' title="bbox 119 1636 1216 1717; baseline 0.003 -21"><span class='ocrx_word' id='word_1_103' title='bbox 119 1646 197 1697; x_wconf 87' lang='lat' dir='ltr'><strong>certe</strong></span> <span class='ocrx_word' id='word_1_104' title='bbox 218 1648 297 1705; x_wconf 83' lang='lat' dir='ltr'><strong>erat;</strong></span> <span class='ocrx_word' id='word_1_105' title='bbox 326 1647 357 1697; x_wconf 91' lang='lat' dir='ltr'><strong>et</strong></span> <span class='ocrx_word' id='word_1_106' title='bbox 382 1637 505 1717; x_wconf 82' lang='lat' dir='ltr'><strong>indigna</strong></span> <span class='ocrx_word' id='word_1_107' title='bbox 534 1638 619 1707; x_wconf 81' lang='lat' dir='ltr'><strong>torre,</strong></span> <span class='ocrx_word' id='word_1_108' title='bbox 647 1638 694 1698; x_wconf 91' lang='lat' dir='ltr'><strong>cui</strong></span> <span class='ocrx_word' id='word_1_109' title='bbox 720 1637 839 1699; x_wconf 81' lang='lat' dir='ltr'><strong>Romuli</strong></span> <span class='ocrx_word' id='word_1_110' title='bbox 866 1647 990 1716; x_wconf 87' lang='lat' dir='ltr'><strong>nepotes</strong></span> <span class='ocrx_word' id='word_1_111' title='bbox 1018 1636 1216 1714; x_wconf 83' lang='lat' dir='ltr'><strong>indulgerent.</strong></span> 
     </span>
     <span class='ocr_line' id='line_1_15' title="bbox 121 1729 1217 1810; baseline 0.005 -21"><span class='ocrx_word' id='word_1_112' title='bbox 121 1729 208 1802; x_wconf 87' lang='lat' dir='ltr'><strong>Nam,</strong></span> <span class='ocrx_word' id='word_1_113' title='bbox 223 1733 375 1810; x_wconf 89' lang='lat' dir='ltr'><strong>quihodie</strong></span> <span class='ocrx_word' id='word_1_114' title='bbox 397 1753 457 1793; x_wconf 93' lang='lat' dir='ltr'><strong>non</strong></span> <span class='ocrx_word' id='word_1_115' title='bbox 479 1733 618 1793; x_wconf 88' lang='lat' dir='ltr'><strong>Comicos</strong></span> <span class='ocrx_word' id='word_1_116' title='bbox 641 1744 755 1794; x_wconf 80' lang='lat' dir='ltr'><strong>ueteres</strong></span> <span class='ocrx_word' id='word_1_117' title='bbox 778 1744 961 1804; x_wconf 85' lang='lat' dir='ltr'><strong>excusatum,</strong></span> <span class='ocrx_word' id='word_1_118' title='bbox 984 1731 1040 1792; x_wconf 91' lang='lat' dir='ltr'><strong>sed</strong></span> <span class='ocrx_word' id='word_1_119' title='bbox 1064 1731 1217 1796; x_wconf 70' lang='lat' dir='ltr'><strong>detersum</strong></span> 
     </span>
     <span class='ocr_line' id='line_1_16' title="bbox 120 1827 1216 1909; baseline 0.004 -26"><span class='ocrx_word' id='word_1_120' title='bbox 120 1834 211 1892; x_wconf 87' lang='lat' dir='ltr'><strong>euut;</strong></span> <span class='ocrx_word' id='word_1_121' title='bbox 233 1827 285 1905; x_wconf 91' lang='lat' dir='ltr'><strong>qui</strong></span> <span class='ocrx_word' id='word_1_122' title='bbox 304 1829 413 1895; x_wconf 79' lang='lat' dir='ltr'><strong>iontem</strong></span> <span class='ocrx_word' id='word_1_123' title='bbox 428 1829 470 1890; x_wconf 87' lang='lat' dir='ltr'><strong>rei</strong></span> <span class='ocrx_word' id='word_1_124' title='bbox 490 1848 669 1909; x_wconf 86' lang='lat' dir='ltr'><strong>causamque</strong></span> <span class='ocrx_word' id='word_1_125' title='bbox 688 1840 719 1890; x_wconf 91' lang='lat' dir='ltr'><strong>et</strong></span> <span class='ocrx_word' id='word_1_126' title='bbox 737 1829 878 1909; x_wconf 82' lang='lat' dir='ltr'><strong>originem</strong></span> <span class='ocrx_word' id='word_1_127' title='bbox 893 1827 1093 1908; x_wconf 84' lang='lat' dir='ltr'><strong>deprendisse</strong></span> <span class='ocrx_word' id='word_1_128' title='bbox 1111 1848 1144 1889; x_wconf 87' lang='lat' dir='ltr'><strong>se</strong></span> <span class='ocrx_word' id='word_1_129' title='bbox 1157 1828 1216 1907; x_wconf 63' lang='lat' dir='ltr'><strong>glo-2</strong></span> 
     </span>
     <span class='ocr_line' id='line_1_17' title="bbox 120 1919 1223 2015; baseline 0.006 -37"><span class='ocrx_word' id='word_1_130' title='bbox 120 1919 252 1991; x_wconf 85' lang='lat' dir='ltr'><strong>riantur;</strong></span> <span class='ocrx_word' id='word_1_131' title='bbox 278 1926 449 2004; x_wconf 85' lang='lat' dir='ltr'><strong>popularem</strong></span> <span class='ocrx_word' id='word_1_132' title='bbox 473 1925 587 1989; x_wconf 87' lang='lat' dir='ltr'><strong>scilicet</strong></span> <span class='ocrx_word' id='word_1_133' title='bbox 609 1935 682 2015; x_wconf 77' lang='lat' dir='ltr'><strong>tunc</strong></span> <span class='ocrx_word' id='word_1_134' title='bbox 706 1925 844 2004; x_wconf 89' lang='lat' dir='ltr'><strong>temporis</strong></span> <span class='ocrx_word' id='word_1_135' title='bbox 859 1923 1071 2003; x_wconf 80' lang='lat' dir='ltr'><strong>pronuntiandi</strong></span> <span class='ocrx_word' id='word_1_136' title='bbox 1088 1945 1196 1985; x_wconf 91' lang='lat' dir='ltr'><strong>morem</strong></span> <span class='ocrx_word' id='word_1_137' title='bbox 1208 1943 1223 1985; x_wconf 74' lang='lat' dir='ltr'><strong>s</strong></span> 
     </span>
     <span class='ocr_line' id='line_1_18' title="bbox 122 2017 1219 2102; baseline 0.004 -25"><span class='ocrx_word' id='word_1_138' title='bbox 122 2024 155 2074; x_wconf 91' lang='lat' dir='ltr'><strong>ut</strong></span> <span class='ocrx_word' id='word_1_139' title='bbox 167 2035 290 2083; x_wconf 87' lang='lat' dir='ltr'><strong>necesse</strong></span> <span class='ocrx_word' id='word_1_140' title='bbox 314 2022 402 2085; x_wconf 85' lang='lat' dir='ltr'><strong>fuerit</strong></span> <span class='ocrx_word' id='word_1_141' title='bbox 424 2021 556 2094; x_wconf 86' lang='lat' dir='ltr'><strong>comicis,</strong></span> <span class='ocrx_word' id='word_1_142' title='bbox 580 2042 647 2102; x_wconf 83' lang='lat' dir='ltr'><strong>quae</strong></span> <span class='ocrx_word' id='word_1_143' title='bbox 672 2021 762 2081; x_wconf 84' lang='lat' dir='ltr'><strong>verba</strong></span> <span class='ocrx_word' id='word_1_144' title='bbox 784 2019 932 2081; x_wconf 90' lang='lat' dir='ltr'><strong>communi</strong></span> <span class='ocrx_word' id='word_1_145' title='bbox 954 2017 1065 2080; x_wconf 85' lang='lat' dir='ltr'><strong>civium</strong></span> <span class='ocrx_word' id='word_1_146' title='bbox 1086 2039 1219 2081; x_wconf 89' lang='lat' dir='ltr'><strong>sermone</strong></span> 
     </span>
     <span class='ocr_line' id='line_1_19' title="bbox 121 2115 1216 2196; baseline 0.005 -23"><span class='ocrx_word' id='word_1_147' title='bbox 121 2115 225 2192; x_wconf 88' lang='lat' dir='ltr'><strong>spretis</strong></span> <span class='ocrx_word' id='word_1_148' title='bbox 238 2118 471 2179; x_wconf 76' lang='lat' dir='ltr'><strong>consonantibus</strong></span> <span class='ocrx_word' id='word_1_149' title='bbox 485 2116 588 2196; x_wconf 86' lang='lat' dir='ltr'><strong>rapido</strong></span> <span class='ocrx_word' id='word_1_150' title='bbox 601 2115 807 2190; x_wconf 79' lang='lat' dir='ltr'><strong>efferebantur,</strong></span> <span class='ocrx_word' id='word_1_151' title='bbox 818 2136 854 2176; x_wconf 90' lang='lat' dir='ltr'><strong>ea</strong></span> <span class='ocrx_word' id='word_1_152' title='bbox 867 2117 956 2177; x_wconf 81' lang='lat' dir='ltr'><strong>verbu</strong></span> <span class='ocrx_word' id='word_1_153' title='bbox 968 2116 999 2175; x_wconf 90' lang='lat' dir='ltr'><strong>in</strong></span> <span class='ocrx_word' id='word_1_154' title='bbox 1012 2116 1076 2175; x_wconf 87' lang='lat' dir='ltr'><strong>suis</strong></span> <span class='ocrx_word' id='word_1_155' title='bbox 1090 2117 1216 2187; x_wconf 82' lang='lat' dir='ltr'><strong>Fabulis,</strong></span> 
     </span>
     <span class='ocr_line' id='line_1_20' title="bbox 121 2209 1218 2292; baseline 0.004 -23"><span class='ocrx_word' id='word_1_156' title='bbox 121 2228 189 2287; x_wconf 81' lang='lat' dir='ltr'><strong>quae</strong></span> <span class='ocrx_word' id='word_1_157' title='bbox 202 2209 399 2273; x_wconf 85' lang='lat' dir='ltr'><strong>audiebantur</strong></span> <span class='ocrx_word' id='word_1_158' title='bbox 412 2212 533 2285; x_wconf 87' lang='lat' dir='ltr'><strong>scilicet,</strong></span> <span class='ocrx_word' id='word_1_159' title='bbox 542 2230 602 2271; x_wconf 88' lang='lat' dir='ltr'><strong>non</strong></span> <span class='ocrx_word' id='word_1_160' title='bbox 614 2211 796 2290; x_wconf 82' lang='lat' dir='ltr'><strong>legebantur,</strong></span> <span class='ocrx_word' id='word_1_161' title='bbox 806 2210 971 2288; x_wconf 82' lang='lat' dir='ltr'><strong>corriperes</strong></span> <span class='ocrx_word' id='word_1_162' title='bbox 984 2231 1033 2270; x_wconf 75' lang='lat' dir='ltr'><strong>nac</strong></span> <span class='ocrx_word' id='word_1_163' title='bbox 1042 2211 1088 2271; x_wconf 94' lang='lat' dir='ltr'><strong>illi</strong></span> <span class='ocrx_word' id='word_1_164' title='bbox 1096 2227 1218 2292; x_wconf 86' lang='lat' dir='ltr'><strong>operoso</strong></span> 
     </span>
     <span class='ocr_line' id='line_1_21' title="bbox 120 2306 1217 2388; baseline 0.005 -26"><span class='ocrx_word' id='word_1_165' title='bbox 120 2315 230 2363; x_wconf 88' lang='lat' dir='ltr'><strong>conatu</strong></span> <span class='ocrx_word' id='word_1_166' title='bbox 258 2306 330 2366; x_wconf 87' lang='lat' dir='ltr'><strong>nibil</strong></span> <span class='ocrx_word' id='word_1_167' title='bbox 357 2307 471 2380; x_wconf 85' lang='lat' dir='ltr'><strong>dicunt,</strong></span> <span class='ocrx_word' id='word_1_168' title='bbox 499 2307 674 2387; x_wconf 78' lang='lat' dir='ltr'><strong>pollicentes</strong></span> <span class='ocrx_word' id='word_1_169' title='bbox 701 2327 811 2388; x_wconf 84' lang='lat' dir='ltr'><strong>magna</strong></span> <span class='ocrx_word' id='word_1_170' title='bbox 836 2308 909 2368; x_wconf 91' lang='lat' dir='ltr'><strong>nihil</strong></span> <span class='ocrx_word' id='word_1_171' title='bbox 938 2308 1100 2373; x_wconf 77' lang='lat' dir='ltr'><strong>eutricaut.</strong></span> <span class='ocrx_word' id='word_1_172' title='bbox 1143 2306 1217 2376; x_wconf 88' lang='lat' dir='ltr'><strong>Quid</strong></span> 
     </span>
     <span class='ocr_line' id='line_1_22' title="bbox 121 2400 740 2478; baseline 0.003 -17"><span class='ocrx_word' id='word_1_173' title='bbox 121 2400 223 2461; x_wconf 78' lang='lat' dir='ltr'><strong>enimi</strong></span> <span class='ocrx_word' id='word_1_174' title='bbox 245 2402 357 2465; x_wconf 81' lang='lat' dir='ltr'><strong>sinsus</strong></span> <span class='ocrx_word' id='word_1_175' title='bbox 370 2415 432 2465; x_wconf 91' lang='lat' dir='ltr'><strong>tum</strong></span> <span class='ocrx_word' id='word_1_176' title='bbox 446 2403 552 2468; x_wconf 81' lang='lat' dir='ltr'><strong>ciuium</strong></span> <span class='ocrx_word' id='word_1_177' title='bbox 566 2403 740 2478; x_wconf 85' lang='lat' dir='ltr'><strong>communis,</strong></span> 
     </span>
    </p>
   </div>
   <div class='ocr_carea' id='block_1_4' title="bbox 202 2526 1058 2610">
    <p class='ocr_par' dir='ltr' id='par_1_4' title="bbox 202 2526 1058 2610">
     <span class='ocr_line' id='line_1_23' title="bbox 202 2526 1058 2610; baseline 0.002 -22"><span class='ocrx_word' id='word_1_178' title='bbox 202 2526 298 2595; x_wconf 85' lang='lat' dir='ltr'><strong>Quem</strong></span> <span class='ocrx_word' id='word_1_179' title='bbox 313 2549 404 2608; x_wconf 84' lang='lat' dir='ltr'><strong>penes</strong></span> <span class='ocrx_word' id='word_1_180' title='bbox 419 2528 569 2591; x_wconf 89' lang='lat' dir='ltr'><strong>arbitrium</strong></span> <span class='ocrx_word' id='word_1_181' title='bbox 583 2540 630 2591; x_wconf 84' lang='lat' dir='ltr'><strong>est</strong></span> <span class='ocrx_word' id='word_1_182' title='bbox 642 2540 672 2591; x_wconf 92' lang='lat' dir='ltr'><strong>et</strong></span> <span class='ocrx_word' id='word_1_183' title='bbox 682 2529 732 2610; x_wconf 91' lang='lat' dir='ltr'><strong>jus</strong></span> <span class='ocrx_word' id='word_1_184' title='bbox 746 2538 777 2590; x_wconf 90' lang='lat' dir='ltr'><strong>et</strong></span> <span class='ocrx_word' id='word_1_185' title='bbox 787 2548 891 2590; x_wconf 78' lang='lat' dir='ltr'><strong>norma</strong></span> <span class='ocrx_word' id='word_1_186' title='bbox 903 2529 1058 2609; x_wconf 87' lang='lat' dir='ltr'><strong>loquendi,</strong></span> 
     </span>
    </p>
   </div>
   <div class='ocr_carea' id='block_1_5' title="bbox 120 2636 1248 3405">
    <p class='ocr_par' dir='ltr' id='par_1_5' title="bbox 120 2636 1248 3405">
     <span class='ocr_line' id='line_1_24' title="bbox 122 2636 1248 2733; baseline 0.005 -27"><span class='ocrx_word' id='word_1_187' title='bbox 122 2645 252 2727; x_wconf 82' lang='lat' dir='ltr'><strong>syllabas</strong></span> <span class='ocrx_word' id='word_1_188' title='bbox 263 2649 301 2709; x_wconf 92' lang='lat' dir='ltr'><strong>de</strong></span> <span class='ocrx_word' id='word_1_189' title='bbox 314 2651 422 2730; x_wconf 90' lang='lat' dir='ltr'><strong>quibus</strong></span> <span class='ocrx_word' id='word_1_190' title='bbox 437 2651 533 2733; x_wconf 79' lang='lat' dir='ltr'><strong>agitur</strong></span> <span class='ocrx_word' id='word_1_191' title='bbox 555 2650 660 2732; x_wconf 84' lang='lat' dir='ltr'><strong>raptim</strong></span> <span class='ocrx_word' id='word_1_192' title='bbox 681 2651 891 2731; x_wconf 84' lang='lat' dir='ltr'><strong>pronuntiabat</strong></span> <span class='ocrx_word' id='word_1_193' title='bbox 898 2671 910 2719; x_wconf 69' lang='grc' dir='ltr'>ι</span> <span class='ocrx_word' id='word_1_194' title='bbox 924 2650 986 2730; x_wconf 87' lang='lat' dir='ltr'><strong>jam</strong></span> <span class='ocrx_word' id='word_1_195' title='bbox 1011 2671 1072 2710; x_wconf 90' lang='lat' dir='ltr'><strong>non</strong></span> <span class='ocrx_word' id='word_1_196' title='bbox 1095 2653 1215 2712; x_wconf 91' lang='lat' dir='ltr'><strong>comico·</strong></span> <span class='ocrx_word' id='word_1_197' title='bbox 1245 2636 1248 2641; x_wconf 48' lang='grc'><strong>’</strong></span> 
     </span>
     <span class='ocr_line' id='line_1_25' title="bbox 121 2744 1213 2827; baseline 0.008 -27"><span class='ocrx_word' id='word_1_198' title='bbox 121 2761 185 2801; x_wconf 90' lang='lat' dir='ltr'><strong>rum</strong></span> <span class='ocrx_word' id='word_1_199' title='bbox 200 2744 246 2803; x_wconf 87' lang='lat' dir='ltr'><strong>vel</strong></span> <span class='ocrx_word' id='word_1_200' title='bbox 261 2745 381 2811; x_wconf 88' lang='lat' dir='ltr'><strong>licentia</strong></span> <span class='ocrx_word' id='word_1_201' title='bbox 393 2747 441 2808; x_wconf 83' lang='lat' dir='ltr'><strong>vel</strong></span> <span class='ocrx_word' id='word_1_202' title='bbox 454 2748 563 2808; x_wconf 90' lang='lat' dir='ltr'><strong>crimen</strong></span> <span class='ocrx_word' id='word_1_203' title='bbox 583 2758 642 2821; x_wconf 78' lang='lat' dir='ltr'><strong>est,</strong></span> <span class='ocrx_word' id='word_1_204' title='bbox 661 2748 711 2827; x_wconf 90' lang='lat' dir='ltr'><strong>qui</strong></span> <span class='ocrx_word' id='word_1_205' title='bbox 725 2748 799 2809; x_wconf 93' lang='lat' dir='ltr'><strong>mori</strong></span> <span class='ocrx_word' id='word_1_206' title='bbox 810 2749 1050 2826; x_wconf 85' lang='lat' dir='ltr'><strong>obtemperantes</strong></span> <span class='ocrx_word' id='word_1_207' title='bbox 1064 2769 1119 2809; x_wconf 89' lang='lat' dir='ltr'><strong>eas</strong></span> <span class='ocrx_word' id='word_1_208' title='bbox 1132 2749 1213 2809; x_wconf 90' lang='lat' dir='ltr'><strong>corri-</strong></span> 
     </span>
     <span class='ocr_line' id='line_1_26' title="bbox 121 2840 1212 2927; baseline 0.005 -28"><span class='ocrx_word' id='word_1_209' title='bbox 121 2840 259 2920; x_wconf 90' lang='lat' dir='ltr'><strong>piebant;</strong></span> <span class='ocrx_word' id='word_1_210' title='bbox 275 2843 329 2904; x_wconf 89' lang='lat' dir='ltr'><strong>sed</strong></span> <span class='ocrx_word' id='word_1_211' title='bbox 343 2844 503 2927; x_wconf 85' lang='lat' dir='ltr'><strong>epicorum,</strong></span> <span class='ocrx_word' id='word_1_212' title='bbox 512 2845 562 2926; x_wconf 88' lang='lat' dir='ltr'><strong>qui</strong></span> <span class='ocrx_word' id='word_1_213' title='bbox 576 2866 632 2906; x_wconf 91' lang='lat' dir='ltr'><strong>usu</strong></span> <span class='ocrx_word' id='word_1_214' title='bbox 646 2846 830 2925; x_wconf 87' lang='lat' dir='ltr'><strong>improbante</strong></span> <span class='ocrx_word' id='word_1_215' title='bbox 839 2843 1054 2925; x_wconf 88' lang='lat' dir='ltr'><strong>producebant.</strong></span> <span class='ocrx_word' id='word_1_216' title='bbox 1100 2846 1134 2903; x_wconf 91' lang='grc' dir='ltr'><strong>Μ</strong></span> <span class='ocrx_word' id='word_1_217' title='bbox 1137 2855 1212 2905; x_wconf 88' lang='lat' dir='ltr'><strong>utan-</strong></span> 
     </span>
     <span class='ocr_line' id='line_1_27' title="bbox 120 2939 1212 3021; baseline 0.003 -28"><span class='ocrx_word' id='word_1_218' title='bbox 120 2945 171 2994; x_wconf 91' lang='lat' dir='ltr'><strong>tur</strong></span> <span class='ocrx_word' id='word_1_219' title='bbox 183 2947 298 2998; x_wconf 88' lang='lat' dir='ltr'><strong>tautum</strong></span> <span class='ocrx_word' id='word_1_220' title='bbox 313 2940 373 3009; x_wconf 86' lang='lat' dir='ltr'><strong>rei;</strong></span> <span class='ocrx_word' id='word_1_221' title='bbox 399 2941 507 3001; x_wconf 91' lang='lat' dir='ltr'><strong>crimen</strong></span> <span class='ocrx_word' id='word_1_222' title='bbox 530 2942 627 3021; x_wconf 90' lang='lat' dir='ltr'><strong>ipsum</strong></span> <span class='ocrx_word' id='word_1_223' title='bbox 652 2960 711 3001; x_wconf 89' lang='lat' dir='ltr'><strong>non</strong></span> <span class='ocrx_word' id='word_1_224' title='bbox 736 2941 860 3001; x_wconf 88' lang='lat' dir='ltr'><strong>eluitur:</strong></span> <span class='ocrx_word' id='word_1_225' title='bbox 882 2950 934 2999; x_wconf 91' lang='lat' dir='ltr'><strong>aut</strong></span> <span class='ocrx_word' id='word_1_226' title='bbox 957 2939 988 2998; x_wconf 95' lang='lat' dir='ltr'><strong>hi</strong></span> <span class='ocrx_word' id='word_1_227' title='bbox 1012 2950 1065 2999; x_wconf 90' lang='lat' dir='ltr'><strong>aut</strong></span> <span class='ocrx_word' id='word_1_228' title='bbox 1088 2940 1131 2999; x_wconf 94' lang='lat' dir='ltr'><strong>illi</strong></span> <span class='ocrx_word' id='word_1_229' title='bbox 1152 2947 1212 2999; x_wconf 88' lang='lat' dir='ltr'><strong>sunt</strong></span> 
     </span>
     <span class='ocr_line' id='line_1_28' title="bbox 121 3032 1211 3116; baseline 0.001 -25"><span class='ocrx_word' id='word_1_230' title='bbox 121 3032 219 3112; x_wconf 80' lang='lat' dir='ltr'><strong>culpas</strong></span> <span class='ocrx_word' id='word_1_231' title='bbox 234 3034 406 3099; x_wconf 84' lang='lat' dir='ltr'><strong>damnandi.</strong></span> <span class='ocrx_word' id='word_1_232' title='bbox 448 3039 562 3108; x_wconf 88' lang='lat' dir='ltr'><strong>Quibus</strong></span> <span class='ocrx_word' id='word_1_233' title='bbox 584 3048 682 3097; x_wconf 90' lang='lat' dir='ltr'><strong>autem</strong></span> <span class='ocrx_word' id='word_1_234' title='bbox 704 3037 793 3116; x_wconf 83' lang='lat' dir='ltr'><strong>culpa</strong></span> <span class='ocrx_word' id='word_1_235' title='bbox 813 3037 933 3109; x_wconf 79' lang='lat' dir='ltr'><strong>haereat,</strong></span> <span class='ocrx_word' id='word_1_236' title='bbox 955 3035 1032 3095; x_wconf 87' lang='lat' dir='ltr'><strong>scitu</strong></span> <span class='ocrx_word' id='word_1_237' title='bbox 1048 3036 1211 3096; x_wconf 87' lang='lat' dir='ltr'><strong>facillimum</strong></span> 
     </span>
     <span class='ocr_line' id='line_1_29' title="bbox 123 3130 1209 3213; baseline 0.007 -27"><span class='ocrx_word' id='word_1_238' title='bbox 123 3137 178 3188; x_wconf 89' lang='lat' dir='ltr'><strong>est.</strong></span> <span class='ocrx_word' id='word_1_239' title='bbox 222 3130 351 3195; x_wconf 89' lang='lat' dir='ltr'><strong>Priorem</strong></span> <span class='ocrx_word' id='word_1_240' title='bbox 375 3134 417 3208; x_wconf 92' lang='lat' dir='ltr'><strong>in,</strong></span> <span class='ocrx_word' id='word_1_241' title='bbox 442 3135 502 3208; x_wconf 91' lang='lat' dir='ltr'><strong>ille,</strong></span> <span class='ocrx_word' id='word_1_242' title='bbox 530 3144 570 3208; x_wconf 80' lang='lat' dir='ltr'><strong>et,</strong></span> <span class='ocrx_word' id='word_1_243' title='bbox 597 3154 678 3207; x_wconf 69' lang='lat' dir='ltr'><strong>esse,</strong></span> <span class='ocrx_word' id='word_1_244' title='bbox 699 3144 869 3194; x_wconf 88' lang='lat' dir='ltr'><strong>constanter</strong></span> <span class='ocrx_word' id='word_1_245' title='bbox 895 3131 1102 3213; x_wconf 88' lang='lat' dir='ltr'><strong>producebant</strong></span> <span class='ocrx_word' id='word_1_246' title='bbox 1124 3130 1209 3212; x_wconf 69' lang='lat' dir='ltr'><strong>epicis</strong></span> 
     </span>
     <span class='ocr_line' id='line_1_30' title="bbox 124 3223 1211 3311; baseline 0.002 -31"><span class='ocrx_word' id='word_1_247' title='bbox 124 3223 232 3283; x_wconf 88' lang='lat' dir='ltr'><strong>Noster</strong></span> <span class='ocrx_word' id='word_1_248' title='bbox 246 3228 393 3295; x_wconf 89' lang='lat' dir='ltr'><strong>interdum</strong></span> <span class='ocrx_word' id='word_1_249' title='bbox 412 3231 542 3309; x_wconf 88' lang='lat' dir='ltr'><strong>corripit,</strong></span> <span class='ocrx_word' id='word_1_250' title='bbox 566 3231 675 3311; x_wconf 70' lang='lat' dir='ltr'><strong>sapius</strong></span> <span class='ocrx_word' id='word_1_251' title='bbox 698 3229 851 3307; x_wconf 91' lang='lat' dir='ltr'><strong>producit:</strong></span> <span class='ocrx_word' id='word_1_252' title='bbox 874 3226 954 3307; x_wconf 88' lang='lat' dir='ltr'><strong>quod</strong></span> <span class='ocrx_word' id='word_1_253' title='bbox 977 3226 1001 3285; x_wconf 91' lang='lat' dir='ltr'><strong>si</strong></span> <span class='ocrx_word' id='word_1_254' title='bbox 1027 3239 1111 3287; x_wconf 89' lang='lat' dir='ltr'><strong>recte</strong></span> <span class='ocrx_word' id='word_1_255' title='bbox 1135 3239 1164 3286; x_wconf 93' lang='lat' dir='ltr'><strong>et</strong></span> <span class='ocrx_word' id='word_1_256' title='bbox 1181 3243 1211 3284; x_wconf 82' lang='lat' dir='ltr'><strong>er</strong></span> 
     </span>
     <span class='ocr_line' id='line_1_31' title="bbox 123 3322 1210 3405; baseline 0 -29"><span class='ocrx_word' id='word_1_257' title='bbox 123 3337 180 3378; x_wconf 87' lang='lat' dir='ltr'><strong>usu</strong></span> <span class='ocrx_word' id='word_1_258' title='bbox 194 3322 323 3401; x_wconf 84' lang='lat' dir='ltr'><strong>corripit,</strong></span> <span class='ocrx_word' id='word_1_259' title='bbox 336 3334 419 3388; x_wconf 81' lang='lat' dir='ltr'><strong>tauro</strong></span> <span class='ocrx_word' id='word_1_260' title='bbox 431 3326 551 3405; x_wconf 81' lang='lat' dir='ltr'><strong>saepius,</strong></span> <span class='ocrx_word' id='word_1_261' title='bbox 566 3326 636 3384; x_wconf 91' lang='lat' dir='ltr'><strong>dum</strong></span> <span class='ocrx_word' id='word_1_262' title='bbox 650 3326 759 3404; x_wconf 86' lang='lat' dir='ltr'><strong>saepius</strong></span> <span class='ocrx_word' id='word_1_263' title='bbox 775 3324 921 3404; x_wconf 71' lang='lat' dir='ltr'><strong>producit.</strong></span> <span class='ocrx_word' id='word_1_264' title='bbox 933 3333 1050 3401; x_wconf 72' lang='lat' dir='ltr'><strong>peccam</strong></span> <span class='ocrx_word' id='word_1_265' title='bbox 1084 3323 1210 3401; x_wconf 87' lang='lat' dir='ltr'><strong>Propter,</strong></span> 
     </span>
    </p>
   </div>
   <div class='ocr_carea' id='block_1_6' title="bbox 124 3413 1211 3570">
    <p class='ocr_par' dir='ltr' id='par_1_6' title="bbox 124 3413 1211 3570">
     <span class='ocr_line' id='line_1_32' title="bbox 124 3413 1211 3568; baseline 0 -90"><span class='ocrx_word' id='word_1_266' title='bbox 124 3413 203 3568; x_wconf 62' lang='lat' dir='ltr'><strong>apug</strong></span> <span class='ocrx_word' id='word_1_267' title='bbox 217 3417 317 3568; x_wconf 75' lang='lat' dir='ltr'><strong>e8picos</strong></span> <span class='ocrx_word' id='word_1_268' title='bbox 330 3437 447 3498; x_wconf 86' lang='lat' dir='ltr'><strong>semper</strong></span> <span class='ocrx_word' id='word_1_269' title='bbox 460 3420 556 3500; x_wconf 83' lang='lat' dir='ltr'><strong>priore</strong></span> <span class='ocrx_word' id='word_1_270' title='bbox 575 3419 667 3500; x_wconf 80' lang='lat' dir='ltr'><strong>longa</strong></span> <span class='ocrx_word' id='word_1_271' title='bbox 679 3432 745 3482; x_wconf 88' lang='lat' dir='ltr'><strong>est:</strong></span> <span class='ocrx_word' id='word_1_272' title='bbox 768 3422 877 3481; x_wconf 89' lang='lat' dir='ltr'><strong>Noster</strong></span> <span class='ocrx_word' id='word_1_273' title='bbox 891 3417 983 3483; x_wconf 79' lang='lat' dir='ltr'><strong>seruel</strong></span> <span class='ocrx_word' id='word_1_274' title='bbox 995 3417 1129 3497; x_wconf 90' lang='lat' dir='ltr'><strong>corripit,</strong></span> <span class='ocrx_word' id='word_1_275' title='bbox 1142 3414 1211 3479; x_wconf 82' lang='lat' dir='ltr'><strong>And·</strong></span> 
     </span>
     <span class='ocr_line' id='line_1_33' title="bbox 124 3528 252 3570; baseline 0.008 -3"><span class='ocrx_word' id='word_1_276' title='bbox 124 3528 163 3570; x_wconf 88' lang='lat' dir='ltr'><strong>rr.</strong></span> <span class='ocrx_word' id='word_1_277' title='bbox 200 3553 208 3570; x_wconf 95' lang='lat'><strong>.</strong></span> <span class='ocrx_word' id='word_1_278' title='bbox 246 3553 252 3568; x_wconf 95' lang='lat'><strong>.</strong></span> 
     </span>
    </p>
   </div>
   <div class='ocr_carea' id='block_1_7' title="bbox 125 3621 1211 4144">
    <p class='ocr_par' dir='ltr' id='par_1_7' title="bbox 125 3621 1211 4144">
     <span class='ocr_line' id='line_1_34' title="bbox 285 3621 952 3708; baseline 0.001 -26"><span class='ocrx_word' id='word_1_279' title='bbox 285 3621 407 3703; x_wconf 89' lang='lat' dir='ltr'><strong>Propter</strong></span> <span class='ocrx_word' id='word_1_280' title='bbox 419 3625 548 3708; x_wconf 84' lang='lat' dir='ltr'><strong>bdspitai</strong></span> <span class='ocrx_word' id='word_1_281' title='bbox 560 3627 683 3708; x_wconf 90' lang='lat' dir='ltr'><strong>hujusce</strong></span> <span class='ocrx_word' id='word_1_282' title='bbox 696 3625 952 3688; x_wconf 89' lang='lat' dir='ltr'><strong>consuetudinem.</strong></span> 
     </span>
     <span class='ocr_line' id='line_1_35' title="bbox 126 3717 1211 3804; baseline -0.001 -28"><span class='ocrx_word' id='word_1_283' title='bbox 126 3719 156 3778; x_wconf 86' lang='lat' dir='ltr'><strong>Si</strong></span> <span class='ocrx_word' id='word_1_284' title='bbox 171 3717 229 3778; x_wconf 91' lang='lat' dir='ltr'><strong>boc</strong></span> <span class='ocrx_word' id='word_1_285' title='bbox 248 3739 285 3780; x_wconf 82' lang='lat' dir='ltr'><strong>ex</strong></span> <span class='ocrx_word' id='word_1_286' title='bbox 298 3723 513 3785; x_wconf 90' lang='lat' dir='ltr'><strong>consuetudine</strong></span> <span class='ocrx_word' id='word_1_287' title='bbox 525 3724 604 3804; x_wconf 84' lang='lat' dir='ltr'><strong>vulgi</strong></span> <span class='ocrx_word' id='word_1_288' title='bbox 616 3744 625 3792; x_wconf 77' lang='lat'>3</span> <span class='ocrx_word' id='word_1_289' title='bbox 648 3743 701 3784; x_wconf 91' lang='lat' dir='ltr'><strong>cur</strong></span> <span class='ocrx_word' id='word_1_290' title='bbox 715 3723 792 3782; x_wconf 86' lang='lat' dir='ltr'><strong>intra</strong></span> <span class='ocrx_word' id='word_1_291' title='bbox 806 3719 953 3780; x_wconf 91' lang='lat' dir='ltr'><strong>decimum</strong></span> <span class='ocrx_word' id='word_1_292' title='bbox 967 3738 1097 3792; x_wconf 88' lang='lat' dir='ltr'><strong>versum,</strong></span> <span class='ocrx_word' id='word_1_293' title='bbox 1112 3730 1143 3780; x_wconf 90' lang='lat' dir='ltr'><strong>et</strong></span> <span class='ocrx_word' id='word_1_294' title='bbox 1155 3717 1211 3778; x_wconf 92' lang='lat' dir='ltr'><strong>ubi·</strong></span> 
     </span>
     <span class='ocr_line' id='line_1_36' title="bbox 125 3816 448 3897; baseline 0.028 -28"><span class='ocrx_word' id='word_1_295' title='bbox 125 3835 182 3892; x_wconf 87' lang='lat' dir='ltr'><strong>que</strong></span> <span class='ocrx_word' id='word_1_296' title='bbox 194 3816 277 3891; x_wconf 84' lang='lat' dir='ltr'><strong>alias,</strong></span> <span class='ocrx_word' id='word_1_297' title='bbox 292 3818 448 3897; x_wconf 75' lang='lat' dir='ltr'><strong>producit?</strong></span> 
     </span>
     <span class='ocr_line' id='line_1_37' title="bbox 247 3942 1016 4035; baseline -0.005 -32"><span class='ocrx_word' id='word_1_298' title='bbox 247 3945 296 4005; x_wconf 93' lang='lat' dir='ltr'><strong>Nil</strong></span> <span class='ocrx_word' id='word_1_299' title='bbox 310 3946 428 4028; x_wconf 77' lang='lat' dir='ltr'><strong>propter</strong></span> <span class='ocrx_word' id='word_1_300' title='bbox 441 3949 519 4009; x_wconf 86' lang='lat' dir='ltr'><strong>hanc</strong></span> <span class='ocrx_word' id='word_1_301' title='bbox 535 3968 542 4007; x_wconf 83' lang='lat' dir='ltr'><strong><em>z</em></strong></span> <span class='ocrx_word' id='word_1_302' title='bbox 564 3947 617 4007; x_wconf 91' lang='lat' dir='ltr'><strong>sed</strong></span> <span class='ocrx_word' id='word_1_303' title='bbox 632 3946 771 4035; x_wconf 88' lang='lat' dir='ltr'><strong>estquod</strong></span> <span class='ocrx_word' id='word_1_304' title='bbox 786 3955 941 4006; x_wconf 88' lang='lat' dir='ltr'><strong>succenset</strong></span> <span class='ocrx_word' id='word_1_305' title='bbox 955 3942 1016 4002; x_wconf 94' lang='lat' dir='ltr'><strong>tibi.</strong></span> 
     </span>
     <span class='ocr_line' id='line_1_38' title="bbox 128 4052 1211 4144; baseline 0.006 -36"><span class='ocrx_word' id='word_1_306' title='bbox 128 4052 236 4113; x_wconf 84' lang='lat' dir='ltr'><strong>Eadem</strong></span> <span class='ocrx_word' id='word_1_307' title='bbox 266 4058 442 4140; x_wconf 89' lang='lat' dir='ltr'><strong>reliquorum</strong></span> <span class='ocrx_word' id='word_1_308' title='bbox 466 4058 540 4123; x_wconf 89' lang='lat' dir='ltr'><strong>ratio</strong></span> <span class='ocrx_word' id='word_1_309' title='bbox 564 4069 626 4118; x_wconf 89' lang='lat' dir='ltr'><strong>est:</strong></span> <span class='ocrx_word' id='word_1_310' title='bbox 648 4060 754 4144; x_wconf 88' lang='lat' dir='ltr'><strong>quibus</strong></span> <span class='ocrx_word' id='word_1_311' title='bbox 784 4056 869 4121; x_wconf 86' lang='lat' dir='ltr'><strong>venia</strong></span> <span class='ocrx_word' id='word_1_312' title='bbox 896 4052 1026 4141; x_wconf 87' lang='lat' dir='ltr'><strong>quidem,</strong></span> <span class='ocrx_word' id='word_1_313' title='bbox 1055 4052 1211 4132; x_wconf 80' lang='lat' dir='ltr'><strong>prasertim</strong></span> 
     </span>
    </p>
   </div>
   <div class='ocr_carea' id='block_1_8' title="bbox 0 0 1352 4702">
    <p class='ocr_par' dir='ltr' id='par_1_8' title="bbox 0 0 1352 4702">
     <span class='ocr_line' id='line_1_39' title="bbox 0 0 1352 4702; baseline 0 0"><span class='ocrx_word' id='word_1_314' title='bbox 0 0 1352 4702; x_wconf 95' lang='lat' dir='ltr'><strong> </strong></span> 
     </span>
    </p>
   </div>
  </div>
 </body>
</html>
