2678 4702
419 313 468 360 ns
491 313 632 363 urrais
654 312 924 362 rsnsurrsurs.
1152 301 1217 368 2⁴5

251 512 1087 578 sanararsrntruouruosranusrrnma

82 592 175 939 β
164 603 323 706 Enimvero
335 662 389 723 par
402 653 433 703 et
446 662 564 720 aequum
585 652 643 714 est,
665 651 697 702 ut
717 643 844 702 eandem
866 642 982 703 veniam
1004 644 1148 705 veteribus
1165 646 1219 705 La·

145 763 194 805 ms
208 743 325 813 demus,
348 760 437 821 quam
455 738 606 799 hodiernis
627 758 677 818 qur
670 738 817 817 Anglice
832 739 963 799 scribunt
975 741 1069 821 poetis
1082 741 1219 802 concedi·

120 860 212 901 mus:
235 859 360 919 quorum
372 855 459 897 nemo
473 844 529 907 est,
544 835 591 894 cui
605 853 664 894 non
680 833 878 917 indulgemus,
892 846 925 895 ut
939 835 1059 912 syllabis
1072 837 1219 897 interdum

89 908 222 1019 [longis
247 946 350 995 contra
370 931 500 992 indolem
528 931 654 1011 rhythmi
679 933 745 993 loco
769 932 900 992 brevium
925 942 1033 992 utatur.
1076 934 1165 1006 Nam,
1186 944 1220 994 ut

124 1033 221 1093 Latini
236 1032 334 1091 omnia
347 1040 505 1090 metrorum
521 1029 675 1106 generade
689 1028 803 1088 Graecis
817 1040 1005 1109 acceperunt,
1018 1031 1059 1089 ita
1073 1040 1219 1089 nostrates

94 1204 98 1211 Ι
123 1149 178 1190 sua
203 1128 241 1188 de
255 1127 378 1187 Latinis.
419 1125 488 1195 Quo
512 1124 606 1203 magis
628 1136 675 1185 est
699 1125 859 1185 dolendum
883 1136 972 1204 atque
996 1125 1219 1204 indignandum,

119 1225 183 1307 jam
204 1223 328 1284 aliteris
348 1223 457 1283 renatis
477 1240 584 1300 pueros
608 1222 752 1301 ingenuos
775 1221 815 1282 ad
839 1221 996 1302 dactylica,
1019 1221 1100 1301 quod
1124 1241 1219 1301 genus

123 1321 219 1402 patria
232 1320 337 1399 lingua
357 1339 417 1379 nou
438 1318 551 1398 recipit,
574 1318 745 1389 ediscenda,
766 1319 861 1380 ferula
874 1319 1044 1399 scuticaque
1057 1318 1143 1398 cogi:
1165 1318 1220 1377 Te·

123 1417 258 1477 rentiaua
271 1434 339 1475 vero
353 1423 455 1485 metra,
477 1434 544 1493 quae
569 1413 649 1474 dorni
671 1425 771 1474 tamen
792 1424 824 1475 et
843 1416 874 1474 in
887 1415 980 1476 triviis
993 1415 1152 1476 inscientes
1162 1414 1220 1492 ipsi

121 1512 281 1590 cantitant,
302 1509 509 1589 magistrorum
534 1509 624 1588 culpa
647 1510 764 1589 penitus
789 1510 934 1590 ignorare.
975 1511 1155 1573 Troeh'aicus
1177 1521 1220 1571 te·

123 1616 280 1670 trametrus
294 1605 495 1678 catalecticus,
507 1616 540 1665 ut
553 1607 699 1679 Terentio,
715 1607 757 1667 ita
770 1608 950 1670 nostratibus
963 1609 1219 1690 frequentissimus

121 1715 187 1765 est:

185 1821 253 1886 'Ego
263 1821 307 1872 ille
318 1821 435 1884 agrestia
449 1821 454 1886 Ι
468 1821 568 1884 saevus,
586 1823 678 1887 tristis,
692 1822 698 1889 Ι
712 1825 813 1888 parcus,
830 1824 948 1876 truculsn
962 1823 967 1890 Ι
982 1825 1033 1888 tris,
1049 1829 1136 1875 tenu.

186 1901 288 1966 Happy
300 1902 376 1952 istite
390 1902 395 1967 Ι
408 1903 517 1966 country
529 1901 574 1952 life
587 1903 655 1955 blest
668 1904 674 1971 Ι
688 1904 751 1955 with
762 1911 872 1956 content
882 1905 949 1970 good
963 1905 969 1972 Ι
981 1905 1070 1956 bealtb
1081 1904 1122 1955 an’
1133 1919 1203 1956 ease.

118 2014 182 2084 Qui
195 2011 376 2086 trochaicus,
390 2013 476 2072 unius
499 2011 622 2091 syllabas
648 2013 828 2084 accessione,
849 2015 901 2073 liet
921 2013 1064 2073 iambicus
1083 2022 1219 2074 tetrame-

113 2122 181 2172 trus
196 2109 323 2188 plenus:

113 2233 215 2285 'lbrice
224 2231 313 2296 btppy
324 2230 346 2280 is
360 2228 365 2295 Ι
379 2230 423 2281 tbe
435 2229 544 2294 country
555 2227 600 2279 life
614 2226 619 2294 Ι
633 2227 701 2279 blest
709 2227 772 2280 nith
783 2234 889 2280 content
902 2227 909 2295 Ι
921 2229 989 2294 good
999 2229 1088 2281 haaltb
1098 2229 1141 2280 au'
1151 2244 1219 2282 ease.

82 2310 90 2401 '’-
115 2356 203 2426 Quin
216 2363 248 2416 et
261 2353 402 2414 iambicus
419 2352 468 2412 ille
483 2353 688 2426 καταληκτικὸε,
702 2351 839 2412 Terentio
848 2352 972 2412 multum
981 2362 1012 2414 et
1024 2352 1128 2415 merito
1142 2371 1219 2415 ama·

82 2402 180 2529 itus,
195 2450 277 2531 apud
291 2452 409 2510 nostros
424 2468 542 2529 quoque
556 2448 586 2507 in
601 2468 709 2530 magna
724 2447 820 2528 gratia
833 2457 897 2519 est;

149 2580 223 2632 Nam
235 2578 256 2629 sl
267 2578 345 2629 remit
361 2575 369 2642 Ι
384 2583 441 2628 tent
453 2575 585 2642 quippiam
716 2576 913 2642 {Philumenam
1010 2573 1142 2641 ldolbres.

150 2661 180 2712 Is
197 2659 318 2723 decently
364 2656 370 2722 Ι
384 2672 430 2708 run
441 2656 551 2721 through
558 2657 602 2707 tlre
610 2658 701 2722 lunge:
716 2655 721 2722 Ι
736 2656 794 2706 And
804 2655 995 2708 there'sauend
1010 2656 1016 2723 Ι
1030 2657 1056 2708 o'
1067 2658 1153 2723 Bully.

117 2777 229 2854 Neque
243 2790 312 2833 vero
325 2768 505 2830 bacchiacus
520 2768 648 2830 Terentii
664 2770 772 2830 nostris
786 2769 915 2831 intactus
930 2781 997 2831 est:

184 2884 279 2936 Adhuc
289 2883 327 2932 Ar
340 2881 345 2947 Ι
359 2881 511 2947 chylls·quae
523 2897 552 2931 as
566 2878 571 2946 Ι
585 2880 669 2932 solent
679 2897 789 2948 qnaeque
803 2881 808 2948 Ι
822 2883 936 2946 oportet.

183 2965 230 3016 All
236 2964 285 3030 joy
296 2969 324 3013 to
337 2961 343 3028 Ι
357 2969 432 3026 great
444 2961 540 3012 Caesar
553 2961 559 3028 Ι
573 2962 634 3027 long
643 2961 698 3025 llse,
707 2963 765 3013 love
779 2962 784 3030 Ι
799 2963 849 3012 and
861 2963 987 3027 pleasure.

116 3081 272 3144 Creticum
285 3077 350 3157 ejus
364 3097 482 3156 quoque
496 3076 599 3158 lingua
613 3087 715 3137 nostra
729 3075 867 3137 facillime
881 3074 1027 3142 admittite

182 3208 315 3258 Tentare
378 3203 523 3269 leordiain
581 3202 714 3268 {natacni
856 3200 952 3266 lquarn
965 3199 1063 3251 utsiet.

180 3288 217 3339 ‘0
230 3289 275 3339 the
283 3294 365 3338 street
378 3286 384 3352 Ι
398 3288 508 3351 country
519 3284 583 3351 life,
579 3284 584 3318 ¹
597 3284 666 3335 uest
676 3282 741 3335 with
751 3282 838 3334 healtlr
853 3281 858 3348 Ι
871 3281 952 3348 petre
964 3281 1006 3332 an’
1018 3295 1088 3332 ease.

117 3403 259 3482 Denique
274 3410 304 3460 et
317 3397 391 3458 illud
407 3409 541 3471 metrum,
558 3397 659 3477 quod
652 3418 680 3456 ιιι
704 3396 796 3479 epicis
813 3407 845 3457 et
858 3396 1005 3458 heroicis
994 3417 1057 3476 Jam
1071 3396 1122 3456 din
1137 3395 1249 3476 apud

116 3508 268 3561 nostrates
290 3513 413 3575 regnum
434 3495 557 3566 obtinet,
580 3497 617 3554 ab
639 3493 763 3556 iambico
777 3495 917 3555 Veterum
930 3495 1046 3556 senario
1059 3493 1215 3574 profluxitt

114 3593 297 3656 necessitate
311 3592 422 3670 lingue
445 3601 566 3665 nostroe,
581 3612 648 3672 quoe
673 3601 737 3651 tota
758 3589 969 3670 monosyllabis
988 3601 1107 3653 scatens
1122 3606 1237 3655 cassu

115 3711 180 3752 ram
195 3687 304 3750 senarii
317 3707 382 3747 raro
397 3687 537 3760 admittit,
552 3688 704 3767 quinarius
718 3689 840 3748 factus:
1209 3694 1210 3705 ¹

247 3816 355 3880 Though
365 3815 443 3879 deep,
453 3821 499 3880 yet
507 3816 592 3865 clear·
585 3814 613 3881 ,Ι
627 3814 724 3881 though
736 3815 834 3882 gentle,
851 3821 904 3881 yet
908 3823 955 3866 not
966 3815 1029 3864 dull.

117 3934 198 3993 Huic
214 3931 245 3989 in
259 3930 318 3989 fine
332 3939 446 3990 sextum
461 3929 590 3990 iambum
604 3950 741 4013 appone;
766 3941 797 3993 et
820 3929 967 4009 extemplo
992 3924 1112 3985 habebis
1128 3941 1213 4006 sena·

112 4029 190 4114 rium
203 4025 412 4106 Terentianum
429 4044 437 4084 ι

107 4188 111 4195 ,
214 4136 326 4201 'though
335 4133 412 4201 desp,
421 4141 467 4201 yet
477 4136 555 4199 clear,
566 4137 662 4203 though
675 4136 681 4203 Ι
695 4132 987 4202 genue,yetnotdu11y
998 4131 1068 4184 slow.
