2678 4702
457 316 613 366 ANDRIAE
638 317 720 366 Aur.
744 318 769 366 Ι.
792 315 846 367 SG.
869 318 904 363 V·
1164 305 1232 371 297

124 456 225 523 Huic
241 459 407 541 pariundi‚
422 467 523 544 etque
538 460 587 524 illi
600 460 634 523 in
648 459 725 524 aliis
739 461 852 542 potius
867 461 1033 542 peccandi
1047 461 1170 527 locum.
1203 466 1206 471 '

123 556 196 624 Sed
220 561 380 644 quidnam
402 561 621 644 Pamphilum
635 561 861 626 exanimatum
871 560 994 625 video?
1016 583 1132 628 vereor
1146 566 1236 655 quid·

257 663 332 726 siet.
1153 718 1158 725 .

124 759 307 844 Opperiar,
340 771 378 827 ut
406 765 510 829 scium
536 784 637 844 nuuc,
670 763 830 848 quidnam
857 766 931 831 haec
959 765 1056 829 turba
1077 767 1225 834 tristitiae

257 865 383 928 efferat.
784 914 788 919 -
880 920 883 925 .
1222 896 1230 925 ι

122 1022 216 1071 precor,
227 1010 289 1059 vires
306 1012 418 1075 Glycerio
436 1015 468 1062 cd
479 1013 587 1073 feliciter
602 1013 751 1077 pariendum,
767 1018 836 1076 utque
847 1014 967 1064 obstetrici
983 1015 1226 1068 Lesiioeindustriom

124 1077 280 1134 wiseram
292 1074 317 1124 in
329 1079 444 1125 educendo
453 1084 539 1140 purte.-
549 1085 576 1126 ut
586 1079 611 1126 is
620 1079 676 1127 otiis
686 1078 822 1127 mulieribus
831 1076 976 1129 amoris
985 1079 1064 1141 potius
1074 1086 1146 1130 met.
1178 1082 1227 1132 Set

124 1137 236 1198 quidnam
246 1140 313 1188 oideo
321 1142 473 1203 Pomptiium
480 1140 658 1193 constructum?
672 1143 760 1192 Vereor
767 1142 877 1206 quidhoc
883 1143 925 1192 sit·
956 1144 1135 1209 Expectobqut
1143 1144 1225 1208 seium,

124 1199 237 1262 qddnnm
247 1203 355 1253 tristitie
365 1205 416 1254 trec
422 1207 570 1268 perturbatio
581 1207 617 1255 itti
628 1205 724 1269 offeret.

584 1347 768 1368 ONWOO

123 1442 139 1487 8
150 1437 182 1488 In
190 1439 231 1488 M.
239 1455 291 1490 non
303 1443 399 1504 iegitur
406 1460 475 1496 nuuc.
486 1447 529 1495 Tr.
539 1461 601 1496 nunc
611 1447 694 1510 quidni
702 1452 835 1509 corrupte.
842 1448 962 1495 Donatus
970 1446 1098 1510 tegitnuus
1105 1447 1226 1512 quidnam,

121 1501 239 1568 dicitque
251 1523 257 1552 :
277 1507 409 1557 Comicum
419 1517 470 1570 cst,
480 1511 710 1560 etTerentienum.
743 1511 798 1574 [Sic
811 1511 854 1559 inf.
866 1525 896 1559 ιι.
908 1515 933 1560 1.
941 1515 982 1560 25.
994 1512 1039 1559 sed
1052 1511 1105 1560 ΕΤ.
1123 1520 1151 1560 et
1161 1514 1223 1562 EM.

121 1567 326 1630 numquidnam.
346 1572 460 1622 westie
473 1573 556 1638 ndu]
587 1577 657 1624 Vere
678 1575 750 1624 ittud.
781 1574 871 1639 Atque
888 1575 927 1625 its
944 1575 1073 1624 recensuit
1092 1575 1223 1626 Heinsius.

123 1631 197 1680 Nunc
208 1633 305 1683 nullom
318 1635 367 1683 rim
379 1636 475 1686 trabere
483 1639 539 1705 quis
552 1654 601 1688 non
614 1639 703 1689 videti
718 1639 762 1689 lte
773 1647 859 1688 tomen
871 1645 899 1688 et
910 1638 988 1688 Bodt.
1000 1640 1074 1689 West.
1090 1640 1144 1689 Pro
1153 1655 1225 1703 onoc,

122 1695 233 1756 quidcem
245 1697 362 1747 Donatus
378 1708 406 1748 et
427 1694 492 1750 unito
508 1703 565 1752 cod.
584 1704 647 1765 tegit
658 1717 715 1753 uum
725 1703 846 1767 quidnam,
857 1711 938 1753 recte.
964 1703 1080 1766 Deinde,
1090 1717 1148 1753 cum
1160 1719 1223 1755 non-

122 1763 183 1806 dum
204 1761 307 1810 turbem
324 1765 407 1826 Mysis
417 1765 524 1816 vidisset
543 1768 630 1830 uitam,
649 1775 739 1818 cetere
756 1768 929 1829 restituens,
950 1767 1000 1817 dcc
1017 1767 1093 1816 torte
1110 1769 1223 1818 tristitia.

122 1822 206 1898 Βειῃῐ.Ι
222 1839 298 1888 quem
317 1829 435 1892 sequitur
451 1831 529 1881 Both.
544 1833 609 1881 Num
629 1835 740 1893 quidnam
756 1832 888 1894 occipiunt
907 1833 985 1882 tul).
1020 1833 1104 1882 Tucia
1119 1833 1225 1884 tristitie

122 1893 221 1951 occipit
232 1888 303 1940 Perl.
320 1898 348 1942 et
360 1893 426 1944 bene
438 1900 621 1946 transmutatos
632 1897 679 1945 lios
690 1897 996 1953 terminationescenset.

530 2121 819 2164 αξ

445 2323 599 2390 ACTUS
624 2325 656 2392 Ι.
677 2324 835 2392 SCENA
860 2325 902 2393 V.

407 2500 412 2508 ’
468 2521 700 2570 eudemius.
744 2521 871 2572 ursis.

123 2626 189 2704 ΡΑ.
221 2637 451 2704 Hocciun’st
473 2640 655 2704 humanum
676 2640 804 2706 factum
833 2648 893 2706 aut
916 2643 1107 2727 inceptum!
1139 2644 1219 2709 hoo·

251 2741 375 2805 cine'st
390 2741 537 2805 officium
550 2743 676 2826 putris!
795 2830 797 2833 v

124 2839 198 2906 Mr.
223 2841 316 2920 Quid
340 2843 425 2907 illud
448 2846 525 2907 estt
570 2830 639 2907 ΡΑ.
672 2842 763 2908 Proh
789 2845 902 2910 Deum
927 2850 1027 2928 utque
1049 2844 1218 2916 hominum

248 2943 370 3009 fidem!
393 2946 475 3028 quid
492 2952 556 3024 est,
572 2945 601 3008 si
614 2964 680 3010 non
695 2946 769 3010 haeo
782 2945 1060 3011 contumelia’stt

148 3117 201 3167 ΡΑ.
217 3116 258 3166 Au
269 3117 311 3166 lsoc
320 3119 424 3179 fuctum,
434 3124 476 3168 cut
488 3121 605 3183 inceptum
614 3125 696 3169 contre
706 3121 798 3184 fitium,
813 3121 940 3168 humanm
953 3115 1010 3169 est?
1025 3134 1056 3168 ou
1066 3119 1217 3183 hocqfficium

122 3187 151 3230 et
171 3181 269 3247 petris?
301 3183 360 3231 Mu.
378 3185 444 3240 Quid
462 3185 522 3233 ittud
543 3182 599 3233 est?
632 3187 682 3233 ΡΑ.
699 3185 765 3234 Deos
784 3184 930 3247 hominesque
948 3183 1039 3232 testor!
1064 3184 1146 3234 sitm
1161 3199 1217 3235 eos·

574 3300 666 3330 &um
667 3310 741 3334 ooooo

146 3413 161 3459 l
182 3407 226 3458 Ob
238 3409 300 3458 teet.
321 3424 337 3458 a
355 3408 459 3461 Donato
480 3410 630 3475 indicatam,
649 3417 677 3461 et
694 3418 783 3460 sensus
804 3407 961 3473 elegantium
982 3409 992 3458 l
1028 3408 1217 3470 erfoinum

106 3468 181 3526 sactu
199 3474 327 3522 mausum
345 3481 387 3524 out
402 3474 609 3539 inceptuissent.
643 3475 898 3538 dijecto—inceptu,
916 3475 991 3523 mele.
1034 3475 1075 3522 eri.
1110 3474 1217 3524 Huncine

105 3537 204 3589 fuctum
215 3542 251 3585 est
263 3538 287 3586 ts.
297 3543 338 3587 out
350 3540 367 3588 i.
379 3540 472 3588 hoccine
482 3540 525 3604 off.
535 3543 613 3603 putris
623 3541 678 3590 vult
690 3541 807 3591 Gom-2
819 3538 913 3588 Leidd.
921 3544 1046 3602 quotuor:
1062 3538 1128 3593 Quid
1137 3544 1182 3599 est,
1193 3540 1216 3586 si

108 3599 163 3650 ltoec
181 3603 377 3652 concentumdio
387 3602 438 3652 'oti
456 3602 591 3666 Atqueits
603 3607 762 3654 recentiores
771 3602 916 3652 ediderunt.
950 3603 988 3651 M.
1000 3603 1056 3665 quid
1072 3608 1117 3662 est,
1135 3602 1215 3650 siim

106 3665 254 3714 contumelia
265 3681 310 3713 nos
321 3665 380 3716 est?
397 3669 525 3743 quomodo
537 3676 565 3718 et
576 3669 743 3720 vetustissimi
755 3669 938 3732 impressorum
950 3666 1069 3715 codicum
1080 3665 1215 3715 exhibent.

105 3725 145 3780 Et
157 3729 393 3792 restauremus,
404 3738 441 3780 ito
453 3747 509 3782 esse
520 3734 545 3782 iu
563 3748 614 3782 uno
632 3733 699 3782 Pur.
732 3732 760 3781 st
772 3733 851 3797 legas,
861 3738 891 3780 ut
903 3730 981 3779 estin
992 3731 1030 3779 M.
1041 3729 1213 3792 metrumqui·

105 3794 172 3844 dem
187 3792 300 3855 loborat,
320 3795 365 3843 sed
382 3811 469 3845 seusus
486 3799 537 3846 crit
554 3795 748 3861 ἐμφατικότιρος,
761 3812 786 3860 q.
799 3797 826 3845 d.
859 3794 929 3847 Quid
950 3800 991 3842 est
1013 3793 1178 3853 contumelia,
1191 3792 1214 3841 si

103 3855 167 3908 haec
177 3857 392 3907 contumelisnon
405 3860 460 3909 est?
476 3861 568 3910 Leidd.
580 3875 644 3910 unus
655 3878 661 3908 ε
675 3862 739 3917 Quid
749 3861 809 3910 iilud
817 3857 872 3911 est?
883 3859 950 3908 Prot
961 3857 1039 3906 Deum
1040 3856 1126 3920 fidem,
1137 3855 1214 3918 quid?

102 3924 127 3970 si
144 3923 200 3970 lsoec
217 3936 265 3969 noo
280 3923 418 3973 contumelio
440 3923 498 3975 est?
514 3927 596 3975 West.
632 3926 703 3975 Mur.
726 3926 795 3975 toltit
806 3926 891 3989 fidem.
928 3922 981 3969 ET·
999 3927 1027 3968 01
1049 3920 1111 3967 EM·
1133 3919 1214 3968 Deum

99 3987 266 4048 fidemutque
276 3986 402 4036 domuum.
420 3988 454 4038 G.
480 3987 528 4037 Pro
539 3991 619 4038 Deum
630 3989 716 4054 fidem,
726 3990 784 4053 quid
794 3995 839 4039 est.
863 3987 945 4036 ld.in
961 3983 1029 4032 Add.
1062 3983 1214 4047 ltludotqss

102 4050 234 4098 hominum
252 4066 268 4097 o
287 4050 380 4099 codice
398 4053 525 4115 primarie
545 4062 613 4103 notre
626 4054 710 4110 abest,
728 4069 778 4103 nec
796 4054 822 4102 in
839 4051 915 4101 codd.
932 4048 990 4097 aliis
1010 4055 1113 4097 certum
1132 4046 1213 4104 hebet

103 4113 208 4165 locum.
243 4114 409 4180 Deleigitru‚
420 4117 565 4182 presertim
583 4132 641 4168 cum
662 4121 702 4170 ita
720 4119 747 4168 in
759 4131 835 4177 versu
847 4119 888 4166 ll.
899 4112 998 4165 orietur
1015 4113 1212 4181 incrementum.
