2678 4702
190 304 260 370 486
570 316 602 363 Ρ.
623 313 810 365 ῬΙΒΕΝΤΙΙ
835 315 925 364 ΛΡΜ

190 468 353 554 Virginei
388 466 457 532 ΡΥ.
480 463 554 528 its:
578 468 687 528 nunni
703 471 889 545 taceamne,
906 483 949 530 an
963 464 1173 550 praedicent
1204 467 1288 535 Dor.

320 568 374 634 Tu
389 565 458 652 pol,
474 565 505 629 si
520 565 626 647 sapis,

193 671 297 754 Quod
312 672 390 746 sois,
411 669 536 746 noscis,
558 687 667 752 neque
688 666 731 732 de
753 666 933 748 Eunucho,
953 689 1063 754 neque
1078 670 1123 736 de
1137 671 1289 737 vitiovir·

321 771 430 856 ginis:
1251 774 1288 837 55

193 875 273 941 Hac
288 894 335 949 re,
352 881 387 938 et
400 881 436 938 ta
451 872 543 937 omni
557 874 655 937 turha
668 874 820 951 evolves,
838 875 936 940 atilli
953 880 1086 958 gratum
1099 875 1231 943 seceris.

191 979 235 1045 Id
250 977 352 1042 modo
365 975 432 1053 dio,
447 975 561 1040 abisse
577 975 718 1040 Dorum.
763 975 833 1043 ΡΥ.
855 976 1062 1045 ltasaciam·
1109 979 1208 1044 Dore.
1229 975 1288 1040 Sed

322 1075 453 1142 vidaon’
468 1075 667 1140 Chrememi

190 1180 297 1247 Thais
309 1180 382 1266 jam
399 1179 515 1244 aderit.
558 1178 628 1246 ΡΥ.
652 1179 746 1258 Quid
769 1181 844 1247 itai
891 1181 974 1246 Dor.
997 1179 1105 1262 Quia,
1122 1203 1202 1248 cum
1219 1181 1286 1245 inda

321 1283 418 1359 abeo,
433 1281 506 1366 jam
525 1287 596 1347 tum
611 1283 786 1367 inceperat

189 1451 269 1496 strum
278 1447 361 1496 εἰὶιωη
370 1446 528 1509 oaodjocturs
540 1451 584 1506 est,
593 1462 625 1495 os
640 1441 736 1495 dicsmi
769 1444 843 1496 Dua.
862 1444 900 1494 Tu
911 1444 993 1509 petri
1009 1445 1118 1507 prudens
1135 1458 1169 1502 es,
1179 1437 1288 1513 hauoth

189 1517 213 1560 te
224 1511 250 1560 id
259 1511 330 1570 scire,
341 1511 407 1572 quusi
418 1511 543 1568 sewierin
565 1512 679 1574 sequeris
691 1509 813 1571 Eunucho,
828 1525 901 1572 seque
917 1512 946 1558 ds
961 1514 1045 1571 stupro
1055 1509 1150 1570 virg-isi
1158 1508 1225 1555 idaco
1234 1519 1288 1568 quic·

189 1591 259 1638 qssss
270 1575 372 1639 affirm
387 1575 429 1623 hoc
440 1578 506 1624 mmo
521 1580 545 1624 ie
555 1577 619 1624 omni
630 1577 733 1625 tunnulis
744 1574 864 1635 liberabis,
876 1580 900 1622 ct
911 1574 1001 1636 uirgini
1018 1579 1119 1636 gratum
1128 1572 1215 1632 facies.
1248 1568 1289 1616 Dir

189 1642 263 1689 mum
281 1639 413 1689 discessisse
424 1645 447 1688 ct
465 1639 565 1688 eoam
578 1640 671 1689 Dorum
682 1638 831 1688 Eunuchum.
856 1638 908 1687 ΡΥ.
920 1638 1064 1694 Itosucium.
1086 1639 1160 1687 Dora.
1172 1637 1221 1685 Sed
1231 1634 1289 1681 hicne

188 1711 225 1753 est
237 1707 348 1754 Chremes
355 1719 423 1766 quesn
435 1705 515 1753 rideo?
532 1705 605 1754 Thais
616 1719 671 1752 mos
684 1705 716 1752 ud
726 1719 769 1751 nos
779 1705 865 1752 vestiet.
899 1704 952 1753 Pr.
970 1704 1037 1758 Qrts'd
1047 1703 1101 1752 ito?
1134 1703 1207 1751 Dore.
1226 1699 1289 1755 Quin.

188 1783 240 1818 cust
252 1769 307 1818 inde
318 1784 349 1817 ex
358 1770 426 1818 domo
436 1769 528 1817 Militis
538 1769 698 1832 tribuendum
710 1773 761 1816 tum
769 1767 988 1831 ooeperotjurgittm
996 1766 1130 1819 interillos.
1155 1767 1211 1816 ΡΥ.
1222 1763 1290 1824 Aufer

648 1902 832 1924 euonemu

188 1985 257 2036 aad.
275 1993 303 2035 et
323 2000 356 2035 ex
378 1985 473 2036 nostris
496 2001 570 2036 uotis.
602 1987 692 2038 Ceteri
715 2002 804 2038 omnes
826 1987 918 2037 stodes.
951 1985 1089 2039 Utrnmvis
1112 1986 1206 2049 probe.
1222 1985 1289 2036 Beni.

188 2050 352 2102 SsodssVet.
362 2050 427 2101 cod.
444 2051 517 2101 Lisd.
549 2051 593 2102 Sic
604 2053 656 2102 Gu.
669 2058 692 2103 1.
725 2055 769 2102 Me
788 2067 859 2114 rogos
880 2051 1042 2113 Delph-ot
1061 2051 1162 2114 rapot
1184 2052 1209 2100 si
1225 2053 1290 2114 sapis,

188 2115 259 2172 Quod
268 2116 323 2177 scis,
339 2115 424 2178 sessis]
441 2117 570 2165 Constans
584 2117 670 2166 lectio.
704 2117 773 2180 Guy.
795 2125 882 2167 tamen
900 2118 1028 2179 expungit
1042 2115 1089 2177 iis,
1106 2117 1154 2165 sed
1172 2124 1202 2166 et
1223 2116 1290 2166 nescis

186 2180 276 2244 inepte
288 2187 316 2230 et
336 2180 389 2229 sine
407 2194 484 2229 sensu
502 2181 567 2230 dicit
583 2181 645 2244 legi,
662 2181 822 2231 substituens
842 2181 915 2240 send,
932 2181 972 2229 vei
989 2196 1020 2230 sse
1041 2181 1085 2230 sci.
1118 2180 1231 2230 Senium
1251 2196 1291 2229 ex·

186 2244 283 2308 pressit
300 2244 414 2294 Fsbsiui.
448 2245 530 2294 Locus
548 2260 687 2307 expressus
707 2261 722 2296 e
741 2247 848 2306 Plauto,
868 2245 926 2294 Mil.
944 2259 975 2293 ιι.
986 2250 1011 2294 6.
1023 2249 1065 2296 88.
1099 2245 1193 2296 Possit
1210 2254 1289 2296 auteur

186 2309 262 2358 noscis
274 2308 372 2358 dictum
385 2309 467 2357 videri
484 2324 541 2371 pro,
558 2310 708 2361 nesciveris.
729 2311 808 2361 West.
840 2309 933 2360 Omnis
953 2308 1093 2359 difficuitns
1113 2317 1156 2360 est
1174 2312 1202 2361 iu
1219 2311 1290 2359 serbo

182 2374 409 2437 producturum,
426 2375 446 2421 si
460 2374 485 2423 id
498 2375 650 2423 deducimus
671 2390 695 2431 a,
712 2375 828 2438 praedico
844 2375 983 2439 praedicas,
1000 2389 1094 2424 versus
1113 2390 1166 2425 uon
1187 2382 1256 2425 stet:
1271 2374 1289 2422 si

186 2454 211 2496 a,
229 2439 343 2501 psaedioo
357 2438 487 2501 prodicit,
504 2446 533 2488 ut
545 2439 579 2489 sit
588 2439 715 2501 proedicem
728 2455 785 2503 pro,
802 2438 953 2502 praedicam,
970 2440 1084 2503 (antiqui
1096 2441 1168 2488 enim
1180 2442 1187 2466 ‘
1197 2437 1290 2489 dicem’

185 2501 330 2552 efferebant
347 2504 371 2552 in
394 2502 493 2561 futuro,
510 2519 557 2565 pro
576 2519 608 2553 eo
625 2504 694 2569 quod
714 2519 760 2554 nos
775 2502 909 2567 ‘dicam')
930 2511 983 2552 stat
1001 2504 1110 2567 quidem
1131 2519 1234 2565 versia,
1250 2503 1290 2555 sed

185 2569 292 2616 verbum
303 2572 310 2594 ⁶
320 2567 481 2630 prodicers'
494 2568 633 2616 videndum
645 2575 685 2616 est
697 2576 725 2617 ut
737 2569 822 2617 sensui
834 2576 968 2631 congruat.
1002 2569 1036 2618 V.
1054 2568 1100 2632 qui
1119 2569 1211 2635 aliqua
1230 2583 1291 2630 sape

184 2631 293 2681 meliora
305 2631 392 2690 hahet,
409 2646 484 2695 quam
496 2633 569 2680 Bem.
581 2639 608 2680 et
619 2646 695 2696 quam
713 2648 803 2682 omues
815 2633 868 2695 aiii,
885 2633 926 2681 hic
946 2647 996 2681 nou
1015 2634 1154 2696 proedicesss,
1173 2635 1219 2683 sed
1235 2649 1288 2697 prc-

184 2697 261 2745 disnsrt
272 2694 368 2745 hahet:
385 2696 501 2759 quamvis
520 2695 614 2744 deindo
627 2696 717 2747 addito
728 2713 750 2758 c,
768 2705 795 2748 et
814 2698 955 2761 dispuncto
973 2713 998 2758 o,
1015 2704 1147 2747 mutatum
1170 2699 1251 2749 fuerit
1266 2699 1289 2746 in

182 2759 315 2824 prodirent.
347 2759 384 2809 At
401 2761 572 2822 Decurtatus,
589 2761 634 2825 qui
653 2769 681 2811 et
700 2763 756 2826 ipse
774 2777 876 2827 quoque
897 2776 928 2809 ex
947 2761 1038 2811 eadem
1063 2763 1228 2814 bibliotheca
1245 2769 1290 2823 est,

183 2838 272 2875 sanam
284 2833 310 2875 et
321 2825 448 2890 integram
459 2825 540 2875 hahet
552 2840 641 2875 vocent
650 2827 786 2889 modium.
820 2827 872 2876 Sed
883 2841 987 2875 sensum
999 2828 1108 2891 requiro
1121 2829 1149 2878 iu
1159 2829 1289 2892 modium,

185 2890 369 2954 veipraedm.
385 2891 527 2955 penultima
549 2890 685 2953 producta.
704 2894 749 2942 Fu.
782 2892 874 2953 Vides,
892 2906 949 2953 qua
970 2891 1009 2939 vir
1031 2893 1161 2941 honestus
1183 2894 1287 2943 Faernus

184 2955 226 3004 hic
238 2954 394 3005 contulerit:
412 2954 434 3007 si
444 2955 579 3018 prodicere,
596 2970 683 3004 versus
701 2957 819 3017 inhorat3
836 2957 858 3004 si
872 2955 1013 3018 praedicam,
1030 2958 1179 3008 sententia.
1212 2961 1287 3010 Qosro

183 3022 211 3068 in
224 3026 327 3084 promtu
337 3025 393 3068 erat
404 3034 476 3068 suam
486 3019 609 3069 Terentio
620 3035 723 3070 manunt
741 3020 906 3071 reddidisse?
930 3020 972 3068 lto
991 3025 1073 3069 utrum
1089 3024 1249 3084 prodiremus
1262 3036 1287 3070 us

181 3091 289 3136 incentu?
321 3085 440 3134 Mutatur
451 3091 551 3135 tautum
563 3085 636 3146 ordo,
653 3093 681 3134 et
693 3086 759 3134 bona
771 3101 850 3134 carisa
860 3092 910 3134 est.
925 3085 1001 3134 Bessi.
1033 3086 1154 3137 invertit
1165 3089 1242 3137 Bent
1255 3088 1287 3134 sic

177 3149 311 3212 judicans,
328 3149 354 3197 in
366 3149 575 3199 consideratione
587 3149 720 3198 consilium
732 3151 822 3199 meiius
833 3151 858 3198 h.
867 3150 884 3197 l.
897 3149 999 3198 tacendi
1017 3151 1081 3212 poni
1099 3152 1188 3202 coiere
1209 3160 1285 3216 poste·

183 3214 246 3263 rius.
279 3214 332 3263 Sed
342 3215 384 3262 hic
396 3229 447 3263 uon
459 3221 510 3263 tarn
523 3214 609 3278 podtae
620 3215 723 3277 iugenio
737 3229 812 3280 quam
824 3214 1019 3276 tuometipsius,
1035 3222 1068 3264 ut
1080 3230 1156 3280 saepe
1168 3218 1241 3278 alias,
1255 3217 1286 3264 in·

183 3278 292 3328 duisisse
316 3278 426 3329 videtur.
442 3279 511 3328 Peri.
544 3278 602 3340 Pol]
619 3278 660 3328 Al.
678 3279 716 3329 Tre
732 3281 780 3343 poi,
796 3287 893 3342 praeter
911 3288 1030 3328 metrum.
1066 3281 1159 3331 Qtrara
1181 3282 1247 3346 Gay.
1263 3284 1285 3327 et

182 3342 276 3392 Heius.
288 3341 377 3391 delent
389 3344 433 3393 ΤΥ.
452 3341 511 3406 Bip.
546 3345 694 3394 Bentieituu
713 3344 829 3408 sequitur
845 3343 924 3392 Both.
961 3344 1080 3394 Utrumne
1098 3345 1193 3397 Guelf.
1205 3349 1283 3397 2.-5⁵

185 3405 471 3463 eruderaverunt
489 3408 562 3457 Liud.
596 3409 653 3458 GC.
669 3409 730 3458 scias
749 3422 894 3472 perperam.
911 3407 1047 3456 Peru-oo
1065 3410 1125 3458 Hac
1144 3425 1174 3461 rs
1191 3418 1215 3461 et
1231 3407 1284 3459 omri

182 3474 218 3537 te]
233 3472 267 3522 0.
278 3469 333 3520 fere
346 3472 362 3518 Ι.
373 3486 393 3519 s.
405 3479 434 3520 et
447 3472 498 3520 Do.
510 3473 550 3522 ita
559 3474 697 3534 collocant,
713 3478 737 3522 et
746 3478 770 3522 te
781 3473 859 3522 cinni:
877 3472 915 3521 ita
927 3479 982 3522 stat
994 3473 1159 3527 trochaicus.
1178 3476 1226 3541 Fu,
1247 3474 1283 3524 Sic

181 3545 209 3587 et
231 3535 313 3587 nostri
334 3549 432 3586 omnes.
450 3536 521 3587 Beni.
552 3537 689 3586 Turnebus
709 3539 823 3587 malebat
844 3537 940 3598 evolvis,
964 3550 1022 3599 pro,
1045 3540 1197 3589 evolveris:
1214 3537 1282 3590 credo

182 3601 251 3666 quod
269 3602 393 3651 contiuuo
409 3609 542 3665 sequatur,
561 3600 691 3652 ‘feceris’
721 3603 765 3652 Sic
783 3602 912 3652 Lucilius:
929 3601 998 3651 ‘Cui
1019 3602 1057 3650 nii
1078 3605 1179 3655 demsit
1196 3605 1247 3666 nix,
1259 3608 1282 3651 et

180 3670 298 3717 sacculus
318 3667 454 3716 abstulerit
472 3665 526 3714 nu!
559 3667 610 3715 Ubi
626 3667 751 3717 ‘demsit'
767 3666 905 3716 manifesto
924 3680 981 3729 pro,
1006 3665 1147 3732 demerit,
1172 3671 1280 3734 positum.

185 3733 261 3782 West.
294 3731 460 3782 Praetulerim
471 3731 591 3780 evolveris.
609 3732 743 3782 Peri—57
763 3732 879 3781 Chremes
889 3732 1034 3780 nent-oa
1050 3733 1111 3782 dum
1122 3740 1182 3785 tuuc
1192 3735 1281 3798 supersi

181 3796 277 3862 Deiph.
313 3795 530 3861 CoeperotetBip.
559 3797 619 3846 Cum
629 3796 797 3860 oheo,omisso
807 3798 871 3861 indo,
886 3796 913 3847 J.
925 3796 1083 3847 etVenetus
1094 3800 1224 3850 code-59
1238 3797 1278 3847 hit

678 3929 786 3980 NOTAE

212 4028 247 4072 eu
274 4025 308 4073 Et
334 4024 373 4073 ilis·
390 4030 487 4087 gratiss
502 4024 604 4089 feceris]
629 4024 711 4088 Virgo
783 4021 1108 4087 tarentinensem
1127 4026 1209 4077 Turis
1223 4022 1277 4076 istst

180 4099 249 4148 eninr
267 4099 305 4147 sie
325 4099 399 4149 dotet
416 4099 451 4149 oh
463 4100 582 4164 injuriant
593 4101 643 4150 sihi
656 4102 710 4150 itia·
749 4102 801 4167 eos]
811 4103 971 4157 Thrasonem
982 4101 1160 4158 ettnatdeu.

179 4181 244 4239 tans,
256 4180 285 4225 nt
295 4173 406 4240 ipsamet
417 4188 475 4225 eant
487 4176 574 4226 celet'
