2678 4702
328 568 1020 695 nnrrnonhrn

403 776 436 827 v.
453 776 484 828 c.
502 774 684 828 onerosis
701 778 808 831 unsrs
824 777 950 844 nossa,

241 936 503 1007 PRAEFATIO
527 942 583 1008 IN
605 941 842 1011 ANDRIAM
864 943 1112 1014 TERENTII.
1218 892 1222 898 ⁸

119 1141 292 1203 eounms
307 1141 458 1215 Asnam,
473 1161 541 1202 curn
561 1138 689 1201 Palliata
710 1142 757 1215 sit,
778 1141 817 1202 de
835 1143 901 1204 loco
915 1165 1021 1207 nomen
1032 1137 1161 1228 'accepit
1184 1149 1221 1209 a*

119 1234 293 1298 Menandro
308 1239 399 1318 prius,
419 1249 544 1299 etnunc
558 1232 675 1318 abipso
689 1239 845 1301 Terentio:
867 1239 928 1321 qui,
943 1262 1011 1303 curn
1024 1243 1060 1308 de
1076 1244 1223 1325 Chryside
1299 1290 1304 1301 .

118 1333 302 1412 loqueretur,
323 1331 367 1394 sic
381 1335 438 1395 ait:
461 1342 470 1370 ‘
482 1331 551 1406 Hei,
564 1349 676 1407 vereor,
698 1351 736 1395 ne
756 1335 827 1413 quid
848 1335 960 1397 Andria
974 1347 1110 1418 apportet
1122 1342 1193 1402 mali
1205 1343 1224 1401 :'

119 1439 152 1488 et
164 1427 225 1490 hoc
239 1444 394 1489 commune
407 1429 584 1489 vocabulum
598 1440 645 1488 est
658 1440 690 1488 et
701 1430 731 1488 in
752 1430 860 1490 Graeca
880 1441 911 1491 et
933 1431 963 1491 in
978 1433 1084 1494 Latina
1108 1434 1222 1516 lingna.

120 1522 198 1586 Haec
214 1525 317 1605 majori
331 1546 368 1586 ex
389 1535 472 1606 parte
497 1524 626 1586 Motoria
649 1534 713 1593 est:
735 1525 926 1604 continetque
949 1538 1033 1588 actus
1057 1541 1222 1594 amatorum

119 1614 370 1693 adolescentium,
390 1632 420 1681 et
433 1632 548 1701 patrum
562 1622 689 1702 piorum.
730 1622 807 1681 Sunt
819 1622 860 1682 ibi
878 1623 979 1684 callidi
1001 1626 1089 1698 servi,
1112 1621 1221 1691 astutae

119 1718 251 1788 ancillas,
266 1717 359 1777 severi
374 1736 472 1787 senes,
486 1715 702 1777 adolescentuli
719 1716 867 1780 liberales.
908 1720 943 1780 ln
957 1721 1025 1797 hac,
1037 1724 1140 1804 primae
1153 1745 1221 1808 par·
1281 1716 1285 1723 ’

118 1825 166 1875 tes
180 1813 264 1873 senis
279 1813 406 1874 Simonis
421 1824 501 1885 sunt,
522 1812 663 1874 secundas
678 1815 766 1886 Davi,
787 1817 881 1881 tertioe
896 1816 1070 1891 Chremetis,
1093 1830 1124 1880 et
1137 1821 1221 1887 dein·

118 1928 191 1990 ceps
207 1910 395 1988 reliquorum.
435 1909 583 1988 Prologus
596 1911 627 1967 in
641 1910 699 1968 hac
713 1929 781 1969 acer
794 1910 954 1982 inducitur,
977 1924 1007 1972 et
1030 1914 1061 1974 in
1082 1915 1220 1976 adversa-

117 2007 178 2070 rios
192 2025 254 2065 non
267 2005 453 2066 mediocriter
463 2016 666 2084 exasperatus,
681 2003 734 2064 sed
749 2015 846 2064 tamen
861 2005 893 2064 id
907 2007 1061 2077 subtiliter,
1073 2021 1108 2076 ut
1121 2013 1221 2072 omnia

116 2098 277 2172 lacessitus
291 2102 388 2162 facere
400 2100 544 2175 videatur,
559 2120 595 2161 ac
609 2099 716 2161 dicere.
759 2100 818 2160 Hic
831 2101 959 2180 protasis
973 2102 1101 2178 subtilis,
1126 2107 1221 2187 epita·

117 2198 160 2259 sis
183 2197 378 2270 tumultuosa,
400 2197 589 2276 catastrophe
612 2215 698 2276 paene
722 2195 854 2274 tragica;
876 2205 1027 2258 ettamen
1049 2213 1169 2280 repente
1182 2188 1220 2264 ex

116 2293 165 2353 his
179 2293 274 2352 turbis
295 2294 327 2352 in
350 2292 540 2372 tranquillum
564 2291 708 2370 pervenit.
750 2290 826 2350 Haec
847 2291 942 2368 prima
963 2303 1030 2352 acta
1053 2307 1100 2355 est
1121 2296 1221 2364 ludis²

117 2388 356 2470 Megalensibus,
369 2389 414 2448 M.
430 2387 533 2448 Fulvio
561 2396 592 2447 et
612 2387 656 2447 M.
680 2384 841 2445 Glabrione
862 2385 1010 2446 AEdilibus
1034 2388 1219 2456 Curnlibns.³

116 2485 254 2563 Egernnt
267 2482 299 2544 L.
315 2484 436 2545 Attilius
457 2481 657 2544 Praenestinus
679 2491 710 2542 et
734 2481 767 2541 L.
782 2481 933 2541 Ambivius
947 2481 1067 2563 Turpio.
1108 2485 1219 2550 Modos

114 2571 194 2641 iecit*
204 2576 342 2654 Flaccus,
357 2579 475 2640 Claudii
488 2579 577 2650 illius,
595 2577 673 2637 tibiis
687 2576 818 2657 paribus,
833 2576 943 2637 dextris
958 2590 990 2639 et
1003 2580 1138 2645 sinistris.
1180 2584 1220 2646 Et

115 2686 165 2740 est
179 2680 244 2736 tota
258 2673 375 2750 Graeca,
399 2676 478 2735 edita
497 2675 542 2734 M.
558 2671 703 2734 Marcello
715 2681 747 2732 et
759 2673 816 2733 Cn.
832 2672 963 2752 Sulpicio
978 2675 1067 2735 Coss.
1082 2674 1219 2743 Pronun-

114 2772 251 2850 tiataqne
274 2783 321 2832 est
345 2773 484 2832 Asnam
509 2771 690 2840 Tnannrn,
718 2770 756 2828 ub
778 2768 961 2847 incognitum
988 2771 1087 2833 adhuc
1111 2792 1218 2836 nomen

115 2859 233 2941 Poeta,
253 2877 284 2928 et
307 2869 427 2928 minoris
447 2866 527 2946 apud
546 2865 689 2946 populum
703 2865 886 2926 auctoritatis
907 2884 942 2926 ac
965 2866 1071 2927 meriti.
1112 2868 1218 2929 Diver-

113 2963 172 3023 biis
187 2973 241 3022 ant
254 2962 403 3022 canticis‘*
423 2961 520 3040 lepide
535 2961 676 3021 distincta
687 2971 753 3021 est:
775 2971 815 3032 et,
838 2979 980 3020 successu
1002 2972 1135 3041 spectata
1148 2983 1217 3042 pro-

114 3075 215 3139 spero,
235 3056 423 3119 hortamento
448 3058 550 3118 Poiitoe
576 3056 633 3115 fuit
654 3055 694 3114 ad
719 3055 792 3113 alias
816 3056 1056 3117 conscribendas.
1099 3058 1217 3122 Initium

114 3164 217 3214 autem
231 3153 395 3229 προτατικὸν
411 3156 569 3228 πρόσωπον,
590 3143 620 3208 id
642 3158 699 3220 est,
720 3147 910 3235 adventitiam
936 3167 1092 3228 personam
1106 3159 1218 3241 recepit

114 3250 223 3321 Sosioe,
239 3259 357 3330 propter
369 3247 564 3314 evolvendam
579 3242 744 3325 argumenti
757 3243 977 3306 obscuritatem.
1018 3248 1149 3311 Persona
1165 3272 1217 3314 au·

112 3355 176 3404 tem
189 3345 336 3423 protatica
349 3365 384 3405 ea
397 3345 581 3424 intelligitur,
605 3362 684 3422 quae,
709 3341 800 3402 semel
818 3341 942 3402 inducta
955 3342 986 3401 in
1000 3345 1143 3426 principio
1159 3350 1216 3410 Fa·

112 3441 204 3512 bnlae,
218 3441 248 3498 in
263 3441 353 3500 nullis
369 3440 510 3519 deinceps
525 3439 648 3499 Fabulae
661 3439 794 3518 partibus
809 3437 974 3500 adhibetur.
1002 3443 1217 3506 Annotandum

109 3539 200 3610 sane,
214 3535 400 3616 puellarum⁵
416 3535 580 3597 liberalium
590 3535 703 3596 nnllam
714 3535 876 3595 orationem
890 3535 920 3594 in
935 3540 1090 3616 proscenio
1103 3540 1215 3615 induci,

146 3725 217 3775 lEt
229 3741 243 3774 a
255 3725 319 3776 dant
329 3726 390 3778 edd.
402 3727 497 3793 Deiph.
509 3734 537 3777 et
548 3726 579 3777 Z.
717 3723 1035 3778 tDiserbiiscutlsenticis.
1055 3723 1215 3791 sicquidem

144 3803 162 3850 2
176 3798 240 3851 Vct.
251 3801 310 3852 cod.
320 3803 395 3854 Petr.
406 3803 526 3852 Danielis
536 3802 598 3853 Hoec
604 3816 644 3869 pr.
685 3814 774 3851 omnes
784 3802 877 3866 scripti
888 3804 956 3853 libri.
990 3802 1041 3853 Sed
1056 3816 1108 3851 non
1122 3798 1216 3855 dubito

107 3867 474 3936 soctaest,ortaludis.1.ind.
607 3926 608 3930 ,
685 3877 749 3941 quin
767 3892 830 3928 vera
848 3879 881 3928 sit
896 3876 1043 3928 emendatio
1058 3876 1132 3928 hec:
1154 3879 1215 3932 Dia.

145 3953 161 3998 ³
179 3948 224 3999 ΑΙ.
242 3952 283 4000 M.
294 3952 380 4001 Fuluio
389 3953 467 4015 edile,
483 3955 507 4002 et
526 3952 565 4001 M.
585 3951 644 4002 Gla·
684 3953 843 4002 outcantr'cs's.
860 3953 901 4003 Id.

114 4021 205 4087 mm,
224 4025 257 4080 Q.
274 4023 382 4076 Minucio
405 4025 499 4076 Valerio
517 4026 645 4078 curulibus.
719 4033 734 4078 5
750 4029 919 4079 Annotandum
926 4041 991 4089 saue,
998 4027 1141 4092 puellarum]
1155 4029 1214 4080 var.

113 4096 153 4148 Id·
252 4115 255 4121 ’
686 4109 803 4168 sument,
818 4101 1014 4168 qrrodirocloco
1028 4107 1214 4158 monetDons·
