2678 4702
487 359 491 377 ¹
540 352 792 409 saanbertus.
830 360 832 365 ·
1149 336 1215 408 aba

113 544 116 552 .
142 501 250 552 bonoria
260 510 412 565 magnaeque
424 499 744 564 dignitatisbabebantur,
763 498 876 550 officium
889 501 991 551 scilicet
1001 494 1128 550 babentes
1136 510 1217 564 anper

114 599 116 605 ¹
141 582 214 632 ardea
226 582 346 632 curiales.
379 581 688 630 Praerantenimcuriae
707 587 735 630 et
752 582 1007 632 ordinisenatornm.
1040 583 1158 633 Quorum
1169 580 1215 629 ad·

141 662 343 711 ministrationis
355 668 472 722 tempore
484 661 506 708 si
518 661 578 723 quid
591 661 725 723 agebatur,
745 675 794 709 uon
807 663 898 709 solum
919 663 944 710 in
965 661 1080 711 Romano
1099 661 1218 724 imperio,

114 744 236 800 ¹,vernm
252 743 331 791 etiam
351 741 377 791 in
397 741 503 790 Graecia
522 754 610 788 eorum
626 739 732 788 nomine
749 740 898 802 notabatur,
912 742 981 790 sicut
998 740 1041 790 liic
1059 740 1215 791 ostenditur.

142 821 217 870 Dum
229 821 299 869 enim
315 828 455 881 agerentur
473 819 527 868 ludi
545 819 613 882 apud
630 816 760 882 Megalen
781 821 913 868 civitatem
932 819 1043 870 Graeciae
1055 814 1216 872 inhonorem

109 940 115 947 .
136 901 226 954 ¹Jovia
238 899 382 964 Olympici,
394 908 532 964 essentque
544 900 613 963 apud
626 901 754 950 Ronrruos
765 901 855 949 anites
872 903 975 949 curtiles
993 901 1046 962 isti,
1059 902 1169 950 recitata
1181 910 1221 949 est

142 981 241 1031 Graeca
255 980 352 1029 Fabula
364 979 501 1029 Menandri
512 980 581 1041 apud
593 979 733 1041 Megalem.
766 981 861 1043 Egere,
875 981 900 1028 id
913 986 963 1038 est,
974 979 1096 1030 fecerunt
1112 980 1154 1029 vel
1172 982 1217 1030 ad·

140 1061 356 1111 ministraverunt
368 1061 413 1109 ltos
424 1059 498 1108 ludos
510 1060 675 1123 Megalenses
687 1061 713 1109 in
725 1058 840 1122 Graecia,
856 1061 959 1124 quando
971 1061 1021 1109 ista
1032 1061 1130 1110 Fabula
1141 1061 1216 1110 Grau·

120 1158 174 1192 aa
192 1140 332 1191 Menandri
355 1141 388 1189 de
408 1138 526 1189 eunucho
543 1140 653 1189 recitata
669 1148 718 1190 est.
757 1139 893 1189 Ambivius
911 1141 1009 1202 Turpio
1026 1141 1130 1190 Lucius.
1169 1141 1216 1190 At·

141 1221 225 1271 tilios.
270 1221 450 1270 Praenestinus
478 1221 574 1270 Gracc
595 1221 744 1270 Menandri.
793 1221 917 1284 Superius
935 1220 1104 1284 jungendum
1123 1218 1213 1270 estis·

140 1302 203 1353 tud.
250 1301 347 1352 Graeca
370 1302 526 1351 Menandri:
551 1300 569 1349 i.
589 1299 627 1348 ita
646 1310 688 1348 eat
709 1305 767 1348 acta
790 1300 885 1350 Graes
906 1301 1055 1351 Menandri.
1088 1300 1157 1351 Acta
1177 1316 1218 1350 se·

138 1382 232 1434 cunda
249 1383 287 1432 ita
305 1389 346 1432 est
360 1381 532 1446 jungendum.
565 1379 686 1429 Secunda
699 1380 788 1430 fabula
799 1381 909 1430 etrurtcbi
928 1382 973 1430 illa
989 1381 1120 1443 videlicet,
1139 1388 1216 1445 quam

106 1493 110 1503 .
138 1457 197 1516 θ’
215 1465 276 1521 post
288 1459 460 1530 Menandrum
470 1460 563 1509 Latino
575 1471 692 1508 sermone
704 1460 858 1523 composuit.
891 1459 1013 1510 Actaest
1032 1461 1086 1510 i.e.
1105 1463 1216 1510 recitata

139 1545 185 1589 cst
196 1540 425 1603 Marco,Valerio,
444 1539 510 1590 Gaio
522 1540 621 1588 Fannio
637 1539 795 1589 consulibus.
829 1540 917 1602 Ipsam
929 1551 989 1589 veto
1002 1542 1118 1590 Latinam
1130 1533 1216 1590 Fabu-

137 1620 196 1668 lam
208 1619 354 1669 modulavit
363 1620 473 1667 Flaccus
485 1618 643 1668 clauditibiis
656 1618 758 1666 duabus
776 1619 884 1667 dextris.
917 1619 994 1670 Quod
1006 1619 1153 1669 Menander
1165 1622 1218 1683 pri·

139 1713 217 1748 mum
230 1699 376 1760 composuit
388 1699 512 1748 Fabulam
523 1697 630 1748 Andriae
642 1697 737 1748 Graeco
748 1710 876 1758 sermone,
893 1697 987 1747 deiude
998 1710 1060 1749 uero
1079 1705 1110 1752 Θ·
1129 1700 1216 1757 latino,

137 1779 200 1842 jam
210 1778 308 1827 dictum
322 1787 372 1840 est,
381 1785 409 1827 et
420 1778 487 1840 qnod
500 1778 555 1841 ejus
568 1779 693 1827 recitator
704 1777 784 1827 fuerit
796 1778 947 1842 Calliopins.
980 1777 1017 1827 At
1029 1793 1090 1828 vero
1103 1779 1218 1829 modula·

141 1858 257 1920 torejns
268 1856 409 1907 Comoedia·
421 1856 472 1905 fuit
483 1857 603 1918 Flaccus,
611 1858 722 1920 optimus
735 1857 842 1917 tibicen,
853 1859 920 1905 node
932 1858 973 1906 bic
985 1858 1081 1908 dicitnr
1092 1851 1217 1909 itanc‘i‘a·

106 1974 110 1981 .
139 1939 234 1987 bolant
246 1937 391 1986 modulatae
403 1935 500 1985 duabus
511 1935 611 1984 dextriu
624 1935 693 1983 tibiis
705 1935 799 1983 claudi.
832 1935 958 1984 Claudum
970 1944 1056 1985 autem
1066 1951 1146 2000 genus
1159 1940 1218 1987 tibi·
1257 1958 1265 1971 .

139 2032 220 2066 arum
231 2023 282 2080 est,
300 2016 466 2080 inaequalibus
476 2015 568 2065 fistulis
581 2013 689 2075 factum,
707 2014 815 2062 undeet
831 2014 951 2063 claudum
968 2021 1086 2078 vocatur,
1103 2032 1135 2066 eo
1146 2020 1216 2082 qood

141 2097 259 2149 fistulam
277 2097 373 2146 babeat
390 2095 534 2146 breviorem
554 2097 580 2144 in
599 2095 701 2144 modum
722 2094 818 2143 claudi.
863 2095 972 2144 Dextrae
991 2103 1078 2145 antem
1093 2086 1236 2147 tibiam?

140 2185 252 2240 cuntur,
263 2177 382 2242 quoniam
394 2193 425 2226 er
438 2176 532 2226 dextro
545 2191 620 2225 crure
637 2176 706 2238 gruis
724 2176 882 2239 aliarumque
900 2176 984 2224 avium
1003 2177 1122 2226 meliores
1140 2177 1216 2227 tiubt.

141 2259 250 2308 Marco.
268 2257 373 2306 valerio.
406 2257 474 2307 Gaio
491 2255 624 2305 nummio.³
642 2254 731 2304 fannio
743 2255 897 2305 consulibua.
931 2255 981 2305 Isti
999 2257 1051 2306 duo
1070 2263 1132 2308 tunc
1153 2265 1217 2307 tem·

142 2339 218 2402 poris
234 2338 394 2387 consolatum
414 2336 540 2401 gerebant
557 2338 657 2397 Roma»,
676 2337 778 2399 quando
799 2346 828 2393 ει
848 2335 953 2384 Fabulae
975 2336 1089 2386 recitatae
1110 2346 1171 2386 sunt
1190 2346 1218 2386 et

142 2426 211 2467 nota
222 2433 247 2481 p.
257 2418 296 2466 o.4
328 2418 461 2467 Conroedia
479 2418 530 2466 ista
545 2418 685 2467 Eunuchus
698 2417 855 2480 appellatur,
875 2431 906 2465 eo
919 2416 987 2480 quod
1006 2417 1140 2464 continent
1151 2418 1176 2465 in
1188 2432 1216 2465 se

133 2498 265 2549 Fabulam
278 2499 398 2561 eunucbi,
410 2498 478 2548 uude
490 2497 579 2562 etnsub
590 2496 723 2546 foeminiuo
736 2511 831 2559 genere
844 2495 987 2560 profertur,
1005 2503 1075 2547 teste
1086 2493 1214 2559 Donato,⁵

143 2579 267 2643 quoniam
279 2579 310 2626 ad
322 2578 472 2627 comoediam
486 2577 609 2627 retertur.

107 2659 303 2722 Argumentum
325 2665 412 2706 autem
432 2659 564 2722 sequentia
585 2658 692 2708 Fabulae
707 2659 870 2722 perbreviter
889 2657 1026 2708 dicendum
1038 2659 1217 2721 est,quoniam

145 2737 212 2787 satis
234 2738 259 2785 in
276 2737 333 2800 ipso
350 2746 477 2786 contextu
501 2737 642 2787 uidebitur.
683 2738 714 2786 In
737 2739 786 2787 bac
809 2739 907 2787 Fabula
928 2739 1069 2789 introducit
1091 2740 1218 2802 quendam

140 2820 280 2882 juvenem,
291 2817 392 2865 nomine
402 2816 558 2878 Phaedriam,
570 2815 649 2864 filium
660 2817 737 2877 senis,
748 2818 792 2880 qui
804 2816 946 2865 vocabatur
956 2818 1066 2866 Lacbes.
1094 2818 1145 2865 Hic
1156 2833 1218 2878 ergo

145 2896 273 2946 Pbaedria
285 2910 342 2944 cum
354 2903 453 2945 amaret
471 2895 599 2960 quandam
617 2896 781 2944 meretricem
798 2894 1005 2958 pulcherrimam,
1021 2895 1122 2943 nomine
1139 2896 1219 2943 Thai·

147 2976 220 3037 dent,
231 2990 288 3038 quae
306 2974 441 3025 amabatur
457 2989 473 3023 a
490 2975 602 3038 quodam
615 2974 705 3037 milite,
715 2975 759 3037 qui
770 2973 912 3023 vocabatur
923 2973 1029 3028 Thraso,
1040 2972 1095 3034 ipsa
1108 2982 1217 3036 rogante

146 3055 215 3104 emit
225 3055 250 3102 ei
262 3055 406 3104 ennuchum
415 3056 469 3119 jam
479 3057 602 3118 vetulum,
612 3069 659 3103 nec
671 3069 721 3102 non
732 3055 841 3116 puellam
851 3051 1030 3114 Etluiopisaam.
1056 3052 1217 3116 Factumque

146 3143 200 3192 est,
209 3143 237 3182 ut
250 3149 281 3182 eo
293 3135 348 3196 ipso
360 3135 412 3197 die,
422 3149 471 3198 quo
485 3133 540 3182 ltaec
552 3147 658 3182 munera
666 3131 736 3182 misit
745 3131 866 3180 Phaedria
873 3130 979 3193 juvenis
988 3134 1118 3180 meretrici
1125 3134 1219 3183 Thaidi

148 3227 199 3277 per
211 3227 314 3262 servum
325 3227 408 3276 surum,
417 3214 520 3263 nomine
531 3213 730 3274 Parmenonem,
743 3213 863 3261 mitteret
877 3212 901 3261 ei
915 3219 942 3260 et
954 3212 1027 3261 mil'es
1037 3199 1134 3261 Thraso
1147 3215 1219 3276 puel·

146 3294 200 3342 lam
222 3295 286 3342 satis
303 3295 446 3357 pulchram,
462 3309 519 3358 quae
537 3293 680 3343 vocabatur
697 3291 842 3355 Pampbila,
860 3305 907 3354 per
928 3291 1058 3356 qurendam
1076 3292 1218 3354 parasitum

147 3389 234 3435 suurn,
253 3375 297 3438 qui
317 3374 460 3424 vocabatur
476 3375 573 3424 Gnato.
606 3374 674 3421 Dum
692 3387 753 3436 ergo
766 3372 853 3422 Guato
865 3372 1123 3435 parasituspueliam,
1135 3388 1219 3436 quaen

147 3454 232 3502 milite
245 3453 407 3512 mittebatur,
419 3455 528 3504 duceret
538 3453 639 3515 Thaidi,
647 3453 712 3502 uidit
721 3453 790 3500 illam
802 3452 886 3501 minor
895 3450 1112 3501 frateeraedriaa
1122 3453 1165 3516 qui
1177 3468 1220 3501 vo·

148 3535 258 3582 cubator
270 3535 379 3595 cheren,
389 3534 449 3582 dnm
462 3542 552 3595 ageret
564 3549 596 3580 ex
608 3534 747 3580 collatione
760 3533 895 3590 prandium
909 3547 967 3582 cnm
982 3533 1038 3574 alii·
1051 3532 1220 3575 adolescenti-

146 3615 195 3662 bus
207 3614 233 3661 in
246 3614 365 3677 proximo
380 3614 446 3675 loco,
458 3612 530 3675 cujus
543 3624 637 3660 nomeu
650 3618 708 3659 erat
719 3608 821 3670 Pireus,
833 3614 957 3671 tantoque
969 3606 1063 3654 auroris
1082 3605 1175 3654 ardore
1193 3606 1218 3653 in

150 3746 166 3791 2
186 3740 375 3804 compendium
387 3739 517 3790 scribendi
529 3753 585 3804 pro,
599 3739 649 3788 Te·
723 3741 737 3784 5
751 3737 871 3784 Donatus
880 3735 1111 3798 enlm,quanquam
1120 3733 1144 3781 in
1153 3733 1218 3781 Pro-

118 3819 228 3867 reatina.
245 3817 336 3864 Burrus.
690 3813 750 3875 logo
763 3817 801 3861 alt
810 3818 847 3877 (v.
861 3812 922 3860 edit.
934 3811 1014 3859 Zetru.
1024 3807 1143 3872 p.257.)‘
1153 3810 1220 3868 banc

151 3897 166 3941 3
183 3891 337 3942 Tollendum
351 3892 392 3940 est
409 3889 510 3952 signum
522 3885 651 3937 distincti·
690 3886 825 3935 masculini
844 3885 946 3948 generis
965 3883 1067 3932 nomine
1086 3897 1220 3945 nuncupa·

122 3970 175 4018 ouis
189 3975 250 4030 post
262 3967 375 4027 nomina,
391 3967 476 4014 Murco
488 3970 515 4013 et
529 3964 649 4027 Nummio,
692 3972 743 4015 tam
755 3979 810 4014 esse
822 3959 965 4024 Fabulam,'
982 3969 1069 4010 tamen
1080 3961 1106 4008 iu
1117 3959 1170 4011 line
1182 3962 1221 4011 di-

123 4058 168 4106 pro
193 4055 245 4107 quo
273 4041 436 4090 scribendum
462 4048 502 4088 est
525 4039 650 4089 Mummio.
691 4042 744 4091 cit:
777 4040 868 4089 ‘Haec
896 4036 1035 4087 Eunuchus
1062 4036 1222 4087 Terentiana

127 4120 165 4170 ld.
692 4117 791 4180 scripta
802 4122 841 4164 eat
851 4114 923 4178 ;’quo
935 4113 1049 4177 respexit
1061 4121 1152 4162 auctor
1163 4127 1221 4162 nor·

154 4201 170 4245 t
187 4194 309 4260 Explico,
320 4207 368 4257 per
379 4191 567 4256 compendium.
585 4192 624 4240 ld.
692 4200 741 4242 ter.
760 4191 797 4240 ld.
