2678 4702
389 328 545 379 sunnin
569 328 652 376 scr.
675 329 716 376 11.
737 327 790 377 sc.
813 329 838 376 ι.
1093 315 1161 381 307

58 465 155 546 Quid
171 470 232 533 tibi
248 469 399 534 videturl
422 467 539 534 udeon'
555 467 597 531 ad
614 470 715 532 euml
759 443 830 533 ΒΥ.
853 466 1007 545 Quidnil
1030 470 1060 535 si
1077 470 1161 535 nihil

192 571 367 652 impetres,
1117 573 1161 636 15

59 669 112 734 Ut
127 678 159 734 te
174 672 353 735 arbitretur
368 670 433 733 sibi
448 676 600 752 peretum
614 670 791 746 moechum,
807 670 838 734 si
856 670 947 734 illem
963 672 1102 736 duxerit.

59 771 132 835 GH.
148 770 248 834 Abin'
262 773 336 835 hinc
350 773 386 835 in
401 771 524 834 malam
538 789 608 832 rem
623 788 699 834 cnm
714 771 905 853 suspicione
920 773 1018 852 istoc,
1035 775 1159 838 scelus.

59 872 131 935 ΡΛ.
147 871 328 936 Charinum
343 871 455 936 video.
499 871 611 934 Salve.
656 869 722 936 Cu.
746 870 776 934 0
793 871 900 950 salve,
915 872 1107 956 Pamphile.

62 972 120 1036 Ad
143 980 176 1038 te
204 973 356 1048 advenio,
382 992 488 1055 spem,
513 972 667 1048 sulutem,
694 973 869 1050 auxilium,
895 975 1073 1039 consilium
1099 994 1159 1038 ex-

62 1081 358 1258 PA.Nggtt1eenspol
385 1172 518 1237 consilii
541 1173 655 1236 locum
678 1173 799 1252 habeo,
824 1194 931 1257 neque
957 1175 1077 1240 auxilii
1102 1196 1160 1240 co-

56 1376 131 1441 -Sed
145 1295 410 1460 istrlidadnuiduam
425 1371 490 1438 ’stt
536 1373 605 1437 Cu.
629 1373 744 1438 Hodie
764 1395 906 1442 uxorem
921 1377 1044 1443 ducisl
1090 1280 1160 1442 Pi?

195 1476 311 1542 Aiunt.
355 1474 424 1539 GH.
448 1476 633 1559 Pamphile,

62 1581 100 1645 Si
116 1579 151 1642 id
167 1580 263 1655 facis,
278 1577 376 1641 hodie
391 1582 597 1660 postremum
610 1579 781 1644 merides.
804 1579 870 1642 Pe.
885 1578 980 1657 Quid
995 1581 1068 1646 ital
1092 1579 1159 1648 Cu.

256 1679 263 1694 ·
316 1680 377 1725 ··t

62 1679 456 1847 vereorljieclezlhlffic
471 1779 525 1844 dic
541 1800 670 1865 quaeso,
687 1780 835 1865 Byrrhio.
866 1781 935 1845 ΒΥ.
952 1782 1024 1866 Ego
1039 1782 1161 1848 dicam.

195 1882 263 1945 ΡΑ.
287 1880 378 1959 Quid
397 1881 477 1946 esti

62 2049 170 2101 Adibose
180 2047 352 2112 Pamphilum?
384 2050 436 2098 Bu.
454 2045 563 2103 Quidni?
574 2049 666 2110 saltem,
682 2054 719 2109 ut,
733 2049 827 2098 sinilil
836 2050 866 2098 eb
877 2066 902 2099 eo
916 2049 1034 2113 impetres,
1043 2051 1163 2102 existimet

62 2121 86 2164 te
95 2116 143 2163 sibi
153 2120 263 2177 puratum
273 2113 355 2162 uxoris
367 2114 511 2161 Philumene
522 2113 661 2160 adulterum.
696 2113 749 2162 Cn.
765 2114 814 2163 Ass
825 2115 880 2163 diuo
890 2114 916 2163 in
928 2117 1014 2163 motum
1023 2116 1162 2176 cruciatum,

62 2179 179 2230 uerene!
195 2194 249 2226 eum
266 2177 396 2240 suspicione
412 2178 468 2225 isto.
502 2176 553 2224 ΡΑ.
572 2177 701 2224 Charinum
720 2177 793 2226 uideo.
827 2179 907 2242 Soloe,
928 2179 1039 2228 Charine.
1074 2180 1126 2227 Cn.
1140 2180 1163 2225 0

63 2245 136 2305 soloe,
150 2242 281 2304 Pamphile.
314 2241 354 2290 Ad
364 2247 388 2288 te
405 2239 524 2302 confugio,
540 2254 612 2302 mon,
629 2241 738 2302 sulutem,
756 2243 882 2301 auxilium,
900 2244 1023 2291 consitium
1035 2244 1164 2304 impetrare

63 2309 103 2356 obs
114 2313 138 2355 te
147 2307 251 2368 cupiere.
283 2305 334 2353 Pe.
353 2305 434 2368 Neque
443 2306 482 2366 pot
492 2303 711 2362 tudeofocuttotem
721 2306 777 2354 otiis
788 2308 929 2368 consulendi,
941 2323 1013 2370 neque
1024 2312 1164 2369 potestatem

63 2371 206 2420 amitiendi.
237 2369 285 2418 Sed
304 2370 416 2431 quidnam
432 2373 466 2417 est
484 2369 548 2416 istud
555 2365 568 2417 i
601 2369 654 2417 Cu.
673 2369 754 2417 Hodie
772 2385 875 2420 uxorem·
891 2370 974 2422 ducis?
1006 2372 1057 2421 ΡΑ.
1076 2371 1163 2420 Aiunt.

64 2435 118 2484 Cis.
138 2433 272 2495 Pamphile,
290 2434 311 2480 si
328 2433 370 2481 troc
381 2433 456 2493 fucis,
473 2432 541 2481 hodie
558 2446 594 2480 me
610 2432 720 2481 ultimum
736 2433 802 2482 uides
817 2435 843 2482 in
854 2435 922 2483 vivis.
956 2437 1007 2484 ΡΑ.
1025 2436 1090 2490 Quid
1104 2431 1166 2483 ito?

65 2500 119 2549 Cu.
136 2495 274 2548 Heimilsi!
289 2511 335 2544 non
350 2498 424 2544 audeo
441 2510 492 2558 prce
510 2495 649 2545 uerecundia
667 2497 752 2548 dicere
783 2498 842 2556 Die,
860 2513 947 2562 quoeso,
967 2499 1030 2562 tuis,
1049 2498 1164 2562 Byrriio.

517 2639 699 2660 ueneno-ue

63 2737 267 2804 suosmet-1⁵
284 2738 358 2787 Unus
371 2739 429 2788 cod.
441 2752 456 2788 e
468 2741 564 2791 nostris
574 2740 654 2791 habet
674 2742 739 2798 Quid
755 2740 822 2799 uisi?
837 2748 865 2792 ut
881 2743 942 2792 nituit
959 2743 1088 2805 impetrem
1104 2742 1167 2799 duo,

66 2806 132 2861 Quid
142 2799 211 2851 nisi?
225 2802 286 2851 sitit
296 2807 323 2851 ut
333 2803 452 2866 impetres.
480 2805 597 2855 Emends
607 2805 686 2869 igitur
699 2804 818 2861 Quidni?
830 2807 891 2856 nitu
900 2813 927 2855 ut
938 2807 1055 2869 impetres.
1082 2805 1166 2868 Igitur

63 2868 125 2917 ‘ut’
141 2864 231 2930 signif.
248 2867 308 2927 etsi,
326 2868 450 2930 quemvis.
468 2869 540 2918 Rent.
557 2883 632 2932 quem
652 2870 770 2934 sequitur
790 2871 861 2919 Peri.
895 2871 960 2926 Quid
975 2871 1023 2918 nisi
1038 2869 1099 2917 nihil
1109 2869 1165 2931 imp.

64 2934 181 2981 Br.-·16
197 2928 285 2980 Guelf.
296 2936 319 2979 l.
331 2930 431 2981 omittit
441 2930 559 2980 stet-17
577 2932 629 2982 Alii
646 2934 673 2982 in
689 2934 775 2982 mulum
786 2948 885 2982 crucem.
901 2934 983 2982 West.
1015 2931 1080 2981 Abin
1092 2940 1166 2981 recte

63 2998 158 3060 legunt
178 2993 255 3042 codd.
274 3002 371 3057 prester
389 3001 500 3059 quotuor
518 3004 629 3054 nostros,
639 2997 685 3048 ubi
696 3005 737 3048 est
747 2997 804 3047 Ati.
838 2997 869 3046 ln
881 2997 916 3045 V.
928 3003 956 3046 et
968 2995 1167 3046 vitromarum

63 3066 116 3110 est.
151 3058 642 3110 Nullnsveronostrumlrsbetcrucem.
677 3062 842 3110 Retinerem.
858 3061 937 3109 Bent.
965 3059 1166 3120 Suspicorddiu

64 3130 113 3174 aut
123 3120 205 3171 Ateus
214 3123 316 3184 legend.
336 3124 379 3172 Er.
412 3123 460 3172 Ast
476 3124 522 3185 ur.
556 3125 654 3172 Crucem
673 3122 759 3173 Guelf.
781 3129 804 3173 1.
815 3128 906 3172 2.-18
923 3121 983 3171 Atta
994 3122 1117 3171 orationis
1129 3123 1166 3170 vis

60 3194 94 3238 >et
114 3187 196 3236 virtus
215 3185 274 3247 erit,
288 3186 309 3235 si
330 3193 390 3249 post
406 3186 450 3234 ‘0
469 3186 553 3236 selve'
569 3189 691 3250 majorem
709 3186 804 3236 feceris
821 3187 1064 3251 interpunctionem.
1098 3187 1167 3236 Nam

62 3253 136 3302 elate
146 3263 211 3299 voce
223 3249 441 3310 pronuntiandum
453 3258 494 3300 est
509 3251 678 3314 ‘Pamphile'
693 3252 834 3302 Beni—19
849 3251 965 3300 Aduenis.
999 3250 1041 3299 Its
1058 3250 1104 3300 Pr.
1119 3250 1166 3299 lib.

65 3321 193 3365 xv111.et
207 3314 270 3363 Mss.
286 3314 407 3376 plusculi,
420 3327 516 3378 eosque
533 3322 630 3365 secntae
649 3315 709 3365 edd.
728 3322 846 3365 vetustae.
881 3315 967 3377 Vulgo
984 3315 1059 3364 uenio.
1084 3316 1168 3366 West.

62 3379 112 3444 qni
122 3384 198 3426 notat
209 3376 236 3425 in
246 3376 315 3430 And.
325 3379 393 3427 venio
403 3380 491 3441 legere
502 3379 536 3430 G.
549 3379 601 3430 ET.
612 3380 674 3431 ΕΜ.
699 3379 758 3428 Hoc
769 3387 811 3429 est
823 3379 901 3430 etium
912 3379 938 3428 iu
947 3379 993 3429 Br.
1005 3379 1167 3431 ‘Arrxilium'

63 3449 128 3507 post
143 3440 259 3490 ‘consil'
275 3441 337 3505 poni
351 3443 427 3506 jubet
444 3443 524 3494 Bent.
556 3445 657 3494 Morem
675 3442 776 3493 faciunt
795 3445 867 3494 Perl.
887 3444 1031 3495 Botis-no
1052 3445 1121 3494 Mus.
1139 3450 1168 3493 et

64 3509 98 3558 F.
112 3507 145 3556 F.
161 3505 269 3555 mellent
281 3507 316 3557 Ν.
333 3523 357 3569 p.
368 3505 455 3555 auxilii
472 3509 489 3558 l.
505 3508 530 3556 lt·
546 3524 571 3558 u.
587 3509 679 3558 consilii
691 3524 712 3558 c.
728 3509 811 3558 West.
844 3509 897 3557 Pro
908 3509 999 3558 consilii
1008 3509 1067 3570 lege
1078 3508 1168 3557 consili.

64 3571 138 3620 Nam
150 3571 260 3619 Veteres
271 3584 358 3621 ornnes
370 3573 396 3619 in
407 3570 585 3631 substantivis,
600 3573 753 3622 exeuntibus
773 3574 799 3620 in
815 3571 886 3622 ‘ius’
904 3573 946 3622 vel
962 3571 1049 3634 ‘turm’
1066 3585 1169 3635 semper

85 3634 209 3694 enitivos,
229 3639 258 3684 ut
277 3636 420 3698 vocativus,
434 3634 476 3684 ‘i’
492 3636 603 3700 simplici
621 3635 774 3686 efferebant.
806 3637 860 3686 Sub
878 3635 991 3700 Augusti
1008 3633 1167 3685 senescentis
1255 3647 1256 3650 ’

64 3651 175 3749 demum
185 3703 263 3746 estete
273 3700 382 3748 mutatio
393 3700 573 3761 genitivorum,
590 3700 673 3764 qualis
682 3700 760 3750 hodie
771 3706 820 3767 est,
835 3699 904 3750 facta
915 3707 963 3750 est.
995 3699 1097 3750 Deinde
1108 3698 1168 3748 Pet.

65 3768 96 3812 et
106 3762 139 3811 R.
151 3760 247 3809 liabent
257 3777 329 3824 seque
339 3765 371 3810 od
383 3763 545 3813 auxiliandum
562 3765 666 3826 sepium:
683 3770 711 3813 st
730 3765 795 3827 Eug.
814 3779 888 3827 neque
902 3766 933 3813 od
950 3765 1066 3812 auxilium
1077 3761 1167 3823 copies.

66 3828 127 3889 Ego
139 3824 277 3887 legendum
289 3841 345 3874 esse
357 3841 458 3888 censeo,
467 3842 538 3890 neque
549 3829 703 3876 muuxitium
713 3828 810 3890 copiam.
826 3829 904 3878 Bent.
932 3827 1045 3876 Omnino
1056 3839 1167 3887 sequnn·
1268 3868 1273 3880 ,

67 3899 115 3940 tur
133 3888 213 3938 Both.
234 3891 302 3939 Peri.
319 3904 425 3953 quorum
444 3892 515 3952 prior
533 3897 623 3941 notat:
642 3893 744 3955 ‘Vulgo
756 3890 1032 3954 uequeousiliicopiom,
1048 3890 1168 3952 pessime.

68 3955 94 4004 A
106 3968 181 4015 seque
191 3955 223 4000 nd
232 3954 396 4003 auxiliandum
405 3955 504 4017 sepium
530 3956 582 4005 Gn.
592 3959 615 4004 2.
627 3957 717 4019 sepium
726 3956 822 4015 cumdii,
833 3956 901 4018 quod
911 3954 973 4004 ferri
985 3959 1081 4015 posset,
1091 3953 1167 4002 modo

67 4025 245 4080 reponeretur
255 4019 341 4068 auxili.
372 4018 422 4068 Sed
436 4026 610 4069 correctorem
620 4021 687 4083 sepit
700 4018 882 4082 transpositio!
910 4017 1169 4067 CossitiiBr.stmo·

69 4092 117 4131 net
130 4083 214 4130 Bruus
233 4083 314 4145 primo
326 4083 352 4131 in
364 4096 395 4132 eo
407 4083 504 4132 lectum
515 4084 626 4132 cendliis.
660 4085 697 4133 Ne
714 4098 741 4132 ue
757 4084 789 4130 od
798 4082 960 4131 auxiliandum
968 4097 1018 4144 cop.
1030 4082 1065 4130 id.
1076 4081 1168 4134 cod.-

69 4150 101 4197 21
122 4144 240 4195 ltouiuut
256 4146 344 4197 Guelf.
359 4152 382 4199 l.
419 4147 662 4215 0Pamps.‚u.-2u
709 4145 863 4210 sequidem
881 4147 1166 4200 deuertisse-ut
