<?xml version="1.0" encoding="UTF-8"?>
<!DOCTYPE html PUBLIC "-//W3C//DTD XHTML 1.0 Transitional//EN"
    "http://www.w3.org/TR/xhtml1/DTD/xhtml1-transitional.dtd">
<html xmlns="http://www.w3.org/1999/xhtml" xml:lang="en" lang="en">
 <head>
  <title>
</title>
<meta http-equiv="Content-Type" content="text/html;charset=utf-8" />
  <meta name='ocr-system' content='tesseract 3.04.00' />
  <meta name='ocr-capabilities' content='ocr_page ocr_carea ocr_par ocr_line ocrx_word'/>
</head>
<body>
  <div class='ocr_page' id='page_1' title='image "./comoedisex03westgoog_0236.png"; bbox 0 0 2678 4702; ppageno 0'>
   <div class='ocr_carea' id='block_1_1' title="bbox 476 296 1218 372">
    <p class='ocr_par' dir='ltr' id='par_1_1' title="bbox 476 296 1218 372">
     <span class='ocr_line' id='line_1_1' title="bbox 476 296 1218 372; baseline 0.009 -17"><span class='ocrx_word' id='word_1_1' title='bbox 476 309 524 356; x_wconf 82' lang='lat' dir='ltr'>ns</span> <span class='ocrx_word' id='word_1_2' title='bbox 548 309 687 372; x_wconf 13' lang='lat' dir='ltr'>rryrrnrs</span> <span class='ocrx_word' id='word_1_3' title='bbox 710 311 870 359; x_wconf 86' lang='lat' dir='ltr'>courors.</span> <span class='ocrx_word' id='word_1_4' title='bbox 1148 296 1218 362; x_wconf 62' lang='lat'>223</span> 
     </span>
    </p>
   </div>
   <div class='ocr_carea' id='block_1_2' title="bbox 101 448 1218 920">
    <p class='ocr_par' dir='ltr' id='par_1_2' title="bbox 101 448 1217 625">
     <span class='ocr_line' id='line_1_2' title="bbox 101 448 1217 528; baseline 0.003 -18"><span class='ocrx_word' id='word_1_5' title='bbox 101 448 225 510; x_wconf 87' lang='lat' dir='ltr'>ultima</span> <span class='ocrx_word' id='word_1_6' title='bbox 241 468 301 509; x_wconf 91' lang='lat' dir='ltr'>non</span> <span class='ocrx_word' id='word_1_7' title='bbox 314 449 439 528; x_wconf 88' lang='lat' dir='ltr'>amplius</span> <span class='ocrx_word' id='word_1_8' title='bbox 452 450 594 524; x_wconf 87' lang='lat' dir='ltr'>ultimam,</span> <span class='ocrx_word' id='word_1_9' title='bbox 610 450 664 511; x_wconf 86' lang='lat' dir='ltr'>sed</span> <span class='ocrx_word' id='word_1_10' title='bbox 674 453 711 512; x_wconf 90' lang='lat' dir='ltr'>ab</span> <span class='ocrx_word' id='word_1_11' title='bbox 725 452 829 521; x_wconf 84' lang='lat' dir='ltr'>ultima</span> <span class='ocrx_word' id='word_1_12' title='bbox 838 449 999 517; x_wconf 84' lang='lat' dir='ltr'>secundam</span> <span class='ocrx_word' id='word_1_13' title='bbox 1013 451 1114 511; x_wconf 87' lang='lat' dir='ltr'>sedem</span> <span class='ocrx_word' id='word_1_14' title='bbox 1128 471 1217 513; x_wconf 87' lang='lat' dir='ltr'>occu·</span> 
     </span>
     <span class='ocr_line' id='line_1_3' title="bbox 102 546 1202 625; baseline 0 -19"><span class='ocrx_word' id='word_1_15' title='bbox 102 555 188 625; x_wconf 89' lang='lat' dir='ltr'>pet:</span> <span class='ocrx_word' id='word_1_16' title='bbox 211 566 240 604; x_wconf 86' lang='lat' dir='ltr'>e.</span> <span class='ocrx_word' id='word_1_17' title='bbox 256 566 284 624; x_wconf 86' lang='lat' dir='ltr'>g.</span> <span class='ocrx_word' id='word_1_18' title='bbox 300 546 341 616; x_wconf 90' lang='lat' dir='ltr'>in,</span> <span class='ocrx_word' id='word_1_19' title='bbox 356 547 439 617; x_wconf 84' lang='lat' dir='ltr'>Deae,</span> <span class='ocrx_word' id='word_1_20' title='bbox 454 547 568 604; x_wconf 88' lang='lat' dir='ltr'>acuitur</span> <span class='ocrx_word' id='word_1_21' title='bbox 583 546 685 623; x_wconf 84' lang='lat' dir='ltr'>prima,</span> <span class='ocrx_word' id='word_1_22' title='bbox 697 547 726 605; x_wconf 91' lang='lat' dir='ltr'>in</span> <span class='ocrx_word' id='word_1_23' title='bbox 742 549 885 625; x_wconf 85' lang='lat' dir='ltr'>Deaeque,</span> <span class='ocrx_word' id='word_1_24' title='bbox 901 547 1041 613; x_wconf 89' lang='lat' dir='ltr'>secunda.</span> <span class='ocrx_word' id='word_1_25' title='bbox 1069 580 1073 589; x_wconf 73' lang='grc'><strong>»</strong></span> <span class='ocrx_word' id='word_1_26' title='bbox 1129 605 1132 610; x_wconf 87' lang='grc'>,</span> <span class='ocrx_word' id='word_1_27' title='bbox 1199 611 1202 615; x_wconf 58' lang='grc'>,</span> 
     </span>
    </p>

    <p class='ocr_par' dir='ltr' id='par_1_3' title="bbox 103 641 1218 920">
     <span class='ocr_line' id='line_1_4' title="bbox 152 641 1218 722; baseline 0.003 -22"><span class='ocrx_word' id='word_1_28' title='bbox 152 643 265 714; x_wconf 87' lang='lat' dir='ltr'>Sexto,</span> <span class='ocrx_word' id='word_1_29' title='bbox 289 641 320 699; x_wconf 89' lang='lat' dir='ltr'>in</span> <span class='ocrx_word' id='word_1_30' title='bbox 334 641 514 720; x_wconf 89' lang='lat' dir='ltr'>dissyllabis,</span> <span class='ocrx_word' id='word_1_31' title='bbox 528 661 651 718; x_wconf 90' lang='lat' dir='ltr'>quorum</span> <span class='ocrx_word' id='word_1_32' title='bbox 666 642 743 720; x_wconf 90' lang='lat' dir='ltr'>prior</span> <span class='ocrx_word' id='word_1_33' title='bbox 766 644 861 702; x_wconf 83' lang='lat' dir='ltr'>brevis</span> <span class='ocrx_word' id='word_1_34' title='bbox 885 652 941 712; x_wconf 90' lang='lat' dir='ltr'>est,</span> <span class='ocrx_word' id='word_1_35' title='bbox 962 643 1055 703; x_wconf 86' lang='lat' dir='ltr'>altera</span> <span class='ocrx_word' id='word_1_36' title='bbox 1068 642 1168 722; x_wconf 83' lang='lat' dir='ltr'>longa,</span> <span class='ocrx_word' id='word_1_37' title='bbox 1192 647 1218 703; x_wconf 85' lang='lat' dir='ltr'>si</span> 
     </span>
     <span class='ocr_line' id='line_1_5' title="bbox 103 735 1217 819; baseline 0.004 -25"><span class='ocrx_word' id='word_1_38' title='bbox 103 755 236 795; x_wconf 86' lang='lat' dir='ltr'>caesura</span> <span class='ocrx_word' id='word_1_39' title='bbox 248 737 279 794; x_wconf 89' lang='lat' dir='ltr'>in</span> <span class='ocrx_word' id='word_1_40' title='bbox 294 736 425 817; x_wconf 71' lang='lat' dir='ltr'>diversos</span> <span class='ocrx_word' id='word_1_41' title='bbox 446 736 536 819; x_wconf 84' lang='lat' dir='ltr'>pedes</span> <span class='ocrx_word' id='word_1_42' title='bbox 551 735 760 809; x_wconf 86' lang='lat' dir='ltr'>distrahantur,</span> <span class='ocrx_word' id='word_1_43' title='bbox 774 747 915 797; x_wconf 85' lang='lat' dir='ltr'>accentus</span> <span class='ocrx_word' id='word_1_44' title='bbox 929 737 1096 797; x_wconf 84' lang='lat' dir='ltr'>necessario</span> <span class='ocrx_word' id='word_1_45' title='bbox 1109 738 1217 817; x_wconf 79' lang='lat' dir='ltr'>migrat</span> 
     </span>
     <span class='ocr_line' id='line_1_6' title="bbox 104 831 1214 920; baseline 0.003 -30"><span class='ocrx_word' id='word_1_46' title='bbox 104 831 139 890; x_wconf 87' lang='lat' dir='ltr'>in</span> <span class='ocrx_word' id='word_1_47' title='bbox 155 831 314 920; x_wconf 81' lang='lat' dir='ltr'>ultimam:</span> <span class='ocrx_word' id='word_1_48' title='bbox 331 832 411 911; x_wconf 90' lang='lat' dir='ltr'>quod</span> <span class='ocrx_word' id='word_1_49' title='bbox 425 833 492 892; x_wconf 92' lang='lat' dir='ltr'>ideo</span> <span class='ocrx_word' id='word_1_50' title='bbox 503 833 615 892; x_wconf 88' lang='lat' dir='ltr'>licitum</span> <span class='ocrx_word' id='word_1_51' title='bbox 630 833 696 905; x_wconf 83' lang='lat' dir='ltr'>fuit,</span> <span class='ocrx_word' id='word_1_52' title='bbox 711 834 781 911; x_wconf 89' lang='lat' dir='ltr'>quia</span> <span class='ocrx_word' id='word_1_53' title='bbox 793 835 854 893; x_wconf 85' lang='lat' dir='ltr'>fieri</span> <span class='ocrx_word' id='word_1_54' title='bbox 868 853 927 892; x_wconf 90' lang='lat' dir='ltr'>non</span> <span class='ocrx_word' id='word_1_55' title='bbox 942 843 1057 913; x_wconf 89' lang='lat' dir='ltr'>poterat</span> <span class='ocrx_word' id='word_1_56' title='bbox 1071 844 1104 894; x_wconf 91' lang='lat' dir='ltr'>ut</span> <span class='ocrx_word' id='word_1_57' title='bbox 1118 836 1214 913; x_wconf 69' lang='lat' dir='ltr'>poeta</span> 
     </span>
    </p>
   </div>
   <div class='ocr_carea' id='block_1_3' title="bbox 96 925 1243 4174">
    <p class='ocr_par' dir='ltr' id='par_1_4' title="bbox 104 925 1216 1564">
     <span class='ocr_line' id='line_1_7' title="bbox 104 925 1216 1007; baseline 0.007 -23"><span class='ocrx_word' id='word_1_58' title='bbox 104 925 173 986; x_wconf 85' lang='lat' dir='ltr'>bac</span> <span class='ocrx_word' id='word_1_59' title='bbox 197 928 322 988; x_wconf 90' lang='lat' dir='ltr'>licentia</span> <span class='ocrx_word' id='word_1_60' title='bbox 334 948 395 988; x_wconf 89' lang='lat' dir='ltr'>non</span> <span class='ocrx_word' id='word_1_61' title='bbox 408 937 581 995; x_wconf 83' lang='lat' dir='ltr'>uterentur:</span> <span class='ocrx_word' id='word_1_62' title='bbox 603 929 668 1007; x_wconf 89' lang='lat' dir='ltr'>ipsa</span> <span class='ocrx_word' id='word_1_63' title='bbox 692 931 777 990; x_wconf 89' lang='lat' dir='ltr'>metri</span> <span class='ocrx_word' id='word_1_64' title='bbox 800 929 961 990; x_wconf 76' lang='lat' dir='ltr'>necessitas</span> <span class='ocrx_word' id='word_1_65' title='bbox 976 939 1108 989; x_wconf 84' lang='lat' dir='ltr'>excusat.</span> <span class='ocrx_word' id='word_1_66' title='bbox 1150 929 1216 992; x_wconf 90' lang='lat' dir='ltr'>Nec</span> 
     </span>
     <span class='ocr_line' id='line_1_8' title="bbox 104 1023 1214 1104; baseline 0.002 -22"><span class='ocrx_word' id='word_1_67' title='bbox 104 1023 202 1083; x_wconf 83' lang='lat' dir='ltr'>vitari</span> <span class='ocrx_word' id='word_1_68' title='bbox 233 1034 334 1103; x_wconf 90' lang='lat' dir='ltr'>potest</span> <span class='ocrx_word' id='word_1_69' title='bbox 367 1027 397 1083; x_wconf 88' lang='lat' dir='ltr'>irs</span> <span class='ocrx_word' id='word_1_70' title='bbox 424 1025 556 1104; x_wconf 85' lang='lat' dir='ltr'>cujusvis</span> <span class='ocrx_word' id='word_1_71' title='bbox 584 1025 702 1102; x_wconf 84' lang='lat' dir='ltr'>generis</span> <span class='ocrx_word' id='word_1_72' title='bbox 732 1026 873 1096; x_wconf 81' lang='lat' dir='ltr'>iambicis,</span> <span class='ocrx_word' id='word_1_73' title='bbox 902 1025 1018 1104; x_wconf 86' lang='lat' dir='ltr'>quoties</span> <span class='ocrx_word' id='word_1_74' title='bbox 1047 1046 1149 1086; x_wconf 85' lang='lat' dir='ltr'>versus</span> <span class='ocrx_word' id='word_1_75' title='bbox 1177 1029 1214 1086; x_wconf 89' lang='lat' dir='ltr'>ab</span> 
     </span>
     <span class='ocr_line' id='line_1_9' title="bbox 106 1119 1213 1200; baseline 0.003 -23"><span class='ocrx_word' id='word_1_76' title='bbox 106 1119 289 1198; x_wconf 88' lang='lat' dir='ltr'>hujusmodi</span> <span class='ocrx_word' id='word_1_77' title='bbox 304 1141 376 1181; x_wconf 89' lang='lat' dir='ltr'>roce</span> <span class='ocrx_word' id='word_1_78' title='bbox 397 1121 516 1200; x_wconf 76' lang='lat' dir='ltr'>incipit:</span> <span class='ocrx_word' id='word_1_79' title='bbox 542 1131 582 1194; x_wconf 87' lang='lat' dir='ltr'>et,</span> <span class='ocrx_word' id='word_1_80' title='bbox 606 1121 673 1181; x_wconf 86' lang='lat' dir='ltr'>siin</span> <span class='ocrx_word' id='word_1_81' title='bbox 696 1123 785 1181; x_wconf 89' lang='lat' dir='ltr'>talem</span> <span class='ocrx_word' id='word_1_82' title='bbox 806 1122 933 1193; x_wconf 89' lang='lat' dir='ltr'>desinat,</span> <span class='ocrx_word' id='word_1_83' title='bbox 948 1141 1142 1199; x_wconf 73' lang='lat' dir='ltr'>quaecumque</span> <span class='ocrx_word' id='word_1_84' title='bbox 1155 1141 1213 1180; x_wconf 89' lang='lat' dir='ltr'>vox</span> 
     </span>
     <span class='ocr_line' id='line_1_10' title="bbox 106 1217 1214 1296; baseline 0.004 -23"><span class='ocrx_word' id='word_1_85' title='bbox 106 1217 314 1293; x_wconf 84' lang='lat' dir='ltr'>praecesserit,</span> <span class='ocrx_word' id='word_1_86' title='bbox 329 1217 431 1276; x_wconf 86' lang='lat' dir='ltr'>ultima</span> <span class='ocrx_word' id='word_1_87' title='bbox 445 1217 509 1295; x_wconf 87' lang='lat' dir='ltr'>ejus</span> <span class='ocrx_word' id='word_1_88' title='bbox 524 1218 639 1296; x_wconf 83' lang='lat' dir='ltr'>syllaba</span> <span class='ocrx_word' id='word_1_89' title='bbox 652 1218 677 1276; x_wconf 90' lang='lat' dir='ltr'>si</span> <span class='ocrx_word' id='word_1_90' title='bbox 689 1217 783 1295; x_wconf 83' lang='lat' dir='ltr'>longa</span> <span class='ocrx_word' id='word_1_91' title='bbox 803 1217 851 1288; x_wconf 91' lang='lat' dir='ltr'>sit,</span> <span class='ocrx_word' id='word_1_92' title='bbox 874 1236 892 1276; x_wconf 90' lang='lat' dir='ltr'>a</span> <span class='ocrx_word' id='word_1_93' title='bbox 906 1217 1010 1277; x_wconf 87' lang='lat' dir='ltr'>ceteris</span> <span class='ocrx_word' id='word_1_94' title='bbox 1026 1217 1144 1276; x_wconf 85' lang='lat' dir='ltr'>divulsa</span> <span class='ocrx_word' id='word_1_95' title='bbox 1162 1218 1214 1277; x_wconf 85' lang='lat' dir='ltr'>fiet</span> 
     </span>
     <span class='ocr_line' id='line_1_11' title="bbox 108 1311 1213 1391; baseline 0.004 -22"><span class='ocrx_word' id='word_1_96' title='bbox 108 1311 211 1390; x_wconf 90' lang='lat' dir='ltr'>prima</span> <span class='ocrx_word' id='word_1_97' title='bbox 237 1312 322 1391; x_wconf 91' lang='lat' dir='ltr'>pedis</span> <span class='ocrx_word' id='word_1_98' title='bbox 351 1313 460 1384; x_wconf 85' lang='lat' dir='ltr'>cretici,</span> <span class='ocrx_word' id='word_1_99' title='bbox 487 1311 622 1389; x_wconf 81' lang='lat' dir='ltr'>adeoque</span> <span class='ocrx_word' id='word_1_100' title='bbox 653 1312 683 1370; x_wconf 86' lang='lat' dir='ltr'>in</span> <span class='ocrx_word' id='word_1_101' title='bbox 711 1311 930 1391; x_wconf 89' lang='lat' dir='ltr'>pronuntiando</span> <span class='ocrx_word' id='word_1_102' title='bbox 958 1321 1097 1372; x_wconf 89' lang='lat' dir='ltr'>acuetur:</span> <span class='ocrx_word' id='word_1_103' title='bbox 1133 1313 1213 1391; x_wconf 91' lang='lat' dir='ltr'>quod</span> 
     </span>
     <span class='ocr_line' id='line_1_12' title="bbox 108 1407 1213 1487; baseline 0.001 -20"><span class='ocrx_word' id='word_1_104' title='bbox 108 1407 196 1467; x_wconf 85' lang='lat' dir='ltr'>valet</span> <span class='ocrx_word' id='word_1_105' title='bbox 210 1407 300 1467; x_wconf 91' lang='lat' dir='ltr'>etiam</span> <span class='ocrx_word' id='word_1_106' title='bbox 314 1407 344 1465; x_wconf 89' lang='lat' dir='ltr'>in</span> <span class='ocrx_word' id='word_1_107' title='bbox 366 1407 522 1468; x_wconf 82' lang='lat' dir='ltr'>trochaicis</span> <span class='ocrx_word' id='word_1_108' title='bbox 536 1408 726 1480; x_wconf 88' lang='lat' dir='ltr'>catalecticis,</span> <span class='ocrx_word' id='word_1_109' title='bbox 743 1409 794 1486; x_wconf 92' lang='lat' dir='ltr'>qui</span> <span class='ocrx_word' id='word_1_110' title='bbox 815 1408 872 1468; x_wconf 89' lang='lat' dir='ltr'>hac</span> <span class='ocrx_word' id='word_1_111' title='bbox 887 1408 917 1466; x_wconf 87' lang='lat' dir='ltr'>iu</span> <span class='ocrx_word' id='word_1_112' title='bbox 930 1418 1014 1487; x_wconf 87' lang='lat' dir='ltr'>parte</span> <span class='ocrx_word' id='word_1_113' title='bbox 1029 1409 1066 1466; x_wconf 91' lang='lat' dir='ltr'>ab</span> <span class='ocrx_word' id='word_1_114' title='bbox 1080 1407 1213 1468; x_wconf 87' lang='lat' dir='ltr'>iambicis</span> 
     </span>
     <span class='ocr_line' id='line_1_13' title="bbox 109 1501 355 1564; baseline 0.012 -4"><span class='ocrx_word' id='word_1_115' title='bbox 109 1501 188 1561; x_wconf 90' lang='lat' dir='ltr'>nihil</span> <span class='ocrx_word' id='word_1_116' title='bbox 202 1501 355 1564; x_wconf 84' lang='lat' dir='ltr'>differunt.</span> 
     </span>
    </p>

    <p class='ocr_par' dir='ltr' id='par_1_5' title="bbox 96 1597 1214 2736">
     <span class='ocr_line' id='line_1_14' title="bbox 153 1597 1212 1678; baseline 0.003 -22"><span class='ocrx_word' id='word_1_117' title='bbox 153 1598 301 1675; x_wconf 86' lang='lat' dir='ltr'>Septimo,</span> <span class='ocrx_word' id='word_1_118' title='bbox 315 1599 344 1656; x_wconf 93' lang='lat' dir='ltr'>in</span> <span class='ocrx_word' id='word_1_119' title='bbox 361 1597 519 1678; x_wconf 81' lang='lat' dir='ltr'>trisyllabis</span> <span class='ocrx_word' id='word_1_120' title='bbox 533 1599 619 1658; x_wconf 89' lang='lat' dir='ltr'>metri</span> <span class='ocrx_word' id='word_1_121' title='bbox 633 1600 763 1660; x_wconf 89' lang='lat' dir='ltr'>conditio</span> <span class='ocrx_word' id='word_1_122' title='bbox 778 1599 924 1660; x_wconf 89' lang='lat' dir='ltr'>interdum</span> <span class='ocrx_word' id='word_1_123' title='bbox 938 1610 1034 1660; x_wconf 91' lang='lat' dir='ltr'>mutat</span> <span class='ocrx_word' id='word_1_124' title='bbox 1047 1610 1212 1673; x_wconf 88' lang='lat' dir='ltr'>accentum,</span> 
     </span>
     <span class='ocr_line' id='line_1_15' title="bbox 108 1693 1214 1777; baseline 0.005 -27"><span class='ocrx_word' id='word_1_125' title='bbox 108 1693 247 1770; x_wconf 80' lang='lat' dir='ltr'>facitque</span> <span class='ocrx_word' id='word_1_126' title='bbox 270 1703 306 1753; x_wconf 91' lang='lat' dir='ltr'>ut</span> <span class='ocrx_word' id='word_1_127' title='bbox 328 1714 344 1753; x_wconf 88' lang='lat' dir='ltr'>e</span> <span class='ocrx_word' id='word_1_128' title='bbox 365 1695 459 1772; x_wconf 89' lang='lat' dir='ltr'>prima</span> <span class='ocrx_word' id='word_1_129' title='bbox 480 1696 510 1754; x_wconf 90' lang='lat' dir='ltr'>in</span> <span class='ocrx_word' id='word_1_130' title='bbox 536 1696 696 1755; x_wconf 87' lang='lat' dir='ltr'>secundam</span> <span class='ocrx_word' id='word_1_131' title='bbox 720 1697 843 1776; x_wconf 81' lang='lat' dir='ltr'>migret:</span> <span class='ocrx_word' id='word_1_132' title='bbox 879 1716 946 1756; x_wconf 90' lang='lat' dir='ltr'>cum</span> <span class='ocrx_word' id='word_1_133' title='bbox 967 1697 1081 1757; x_wconf 86' lang='lat' dir='ltr'>scilicet</span> <span class='ocrx_word' id='word_1_134' title='bbox 1099 1697 1214 1777; x_wconf 85' lang='lat' dir='ltr'>syllaba</span> 
     </span>
     <span class='ocr_line' id='line_1_16' title="bbox 96 1791 1211 1872; baseline 0.001 -21"><span class='ocrx_word' id='word_1_135' title='bbox 96 1791 213 1851; x_wconf 80' lang='lat' dir='ltr'>brevis</span> <span class='ocrx_word' id='word_1_136' title='bbox 227 1800 297 1850; x_wconf 85' lang='lat' dir='ltr'>ante</span> <span class='ocrx_word' id='word_1_137' title='bbox 316 1803 427 1852; x_wconf 90' lang='lat' dir='ltr'>mutam</span> <span class='ocrx_word' id='word_1_138' title='bbox 449 1802 480 1852; x_wconf 91' lang='lat' dir='ltr'>et</span> <span class='ocrx_word' id='word_1_139' title='bbox 503 1793 646 1872; x_wconf 90' lang='lat' dir='ltr'>liquidam</span> <span class='ocrx_word' id='word_1_140' title='bbox 672 1794 861 1872; x_wconf 83' lang='lat' dir='ltr'>producitur:</span> <span class='ocrx_word' id='word_1_141' title='bbox 892 1803 926 1853; x_wconf 90' lang='lat' dir='ltr'>ut</span> <span class='ocrx_word' id='word_1_142' title='bbox 950 1795 974 1853; x_wconf 89' lang='lat' dir='ltr'>si</span> <span class='ocrx_word' id='word_1_143' title='bbox 997 1792 1159 1854; x_wconf 87' lang='lat' dir='ltr'>secundam</span> <span class='ocrx_word' id='word_1_144' title='bbox 1170 1794 1211 1864; x_wconf 92' lang='lat' dir='ltr'>in,</span> 
     </span>
     <span class='ocr_line' id='line_1_17' title="bbox 109 1886 1211 1970; baseline 0.004 -25"><span class='ocrx_word' id='word_1_145' title='bbox 109 1886 260 1958; x_wconf 87' lang='lat' dir='ltr'>volucres,</span> <span class='ocrx_word' id='word_1_146' title='bbox 275 1887 432 1965; x_wconf 82' lang='lat' dir='ltr'>producas,</span> <span class='ocrx_word' id='word_1_147' title='bbox 455 1909 523 1967; x_wconf 83' lang='lat' dir='ltr'>quse</span> <span class='ocrx_word' id='word_1_148' title='bbox 549 1899 631 1949; x_wconf 85' lang='lat' dir='ltr'>extra</span> <span class='ocrx_word' id='word_1_149' title='bbox 652 1902 775 1949; x_wconf 91' lang='lat' dir='ltr'>metrum</span> <span class='ocrx_word' id='word_1_150' title='bbox 791 1901 821 1949; x_wconf 90' lang='lat' dir='ltr'>et</span> <span class='ocrx_word' id='word_1_151' title='bbox 846 1891 949 1950; x_wconf 83' lang='lat' dir='ltr'>inore</span> <span class='ocrx_word' id='word_1_152' title='bbox 972 1892 1073 1970; x_wconf 91' lang='lat' dir='ltr'>populi</span> <span class='ocrx_word' id='word_1_153' title='bbox 1096 1909 1211 1970; x_wconf 85' lang='lat' dir='ltr'>semper</span> 
     </span>
     <span class='ocr_line' id='line_1_18' title="bbox 110 1983 1210 2062; baseline 0.004 -20"><span class='ocrx_word' id='word_1_154' title='bbox 110 1983 288 2062; x_wconf 87' lang='lat' dir='ltr'>corripitur:</span> <span class='ocrx_word' id='word_1_155' title='bbox 310 1984 364 2043; x_wconf 91' lang='lat' dir='ltr'>sed</span> <span class='ocrx_word' id='word_1_156' title='bbox 379 2004 437 2042; x_wconf 92' lang='lat' dir='ltr'>uon</span> <span class='ocrx_word' id='word_1_157' title='bbox 450 1985 520 2043; x_wconf 91' lang='lat' dir='ltr'>licet</span> <span class='ocrx_word' id='word_1_158' title='bbox 533 1997 637 2044; x_wconf 87' lang='lat' dir='ltr'>contra</span> <span class='ocrx_word' id='word_1_159' title='bbox 651 1986 680 2042; x_wconf 89' lang='lat' dir='ltr'>in</span> <span class='ocrx_word' id='word_1_160' title='bbox 695 1985 854 2061; x_wconf 84' lang='lat' dir='ltr'>trisyllabis</span> <span class='ocrx_word' id='word_1_161' title='bbox 870 1996 1024 2044; x_wconf 90' lang='lat' dir='ltr'>accentum</span> <span class='ocrx_word' id='word_1_162' title='bbox 1047 2007 1062 2046; x_wconf 90' lang='lat' dir='ltr'>e</span> <span class='ocrx_word' id='word_1_163' title='bbox 1078 1988 1210 2058; x_wconf 88' lang='lat' dir='ltr'>secunda</span> 
     </span>
     <span class='ocr_line' id='line_1_19' title="bbox 108 2078 1212 2157; baseline 0.002 -20"><span class='ocrx_word' id='word_1_164' title='bbox 108 2080 140 2137; x_wconf 90' lang='lat' dir='ltr'>iu</span> <span class='ocrx_word' id='word_1_165' title='bbox 164 2079 289 2157; x_wconf 91' lang='lat' dir='ltr'>primam</span> <span class='ocrx_word' id='word_1_166' title='bbox 312 2078 358 2138; x_wconf 87' lang='lat' dir='ltr'>vel</span> <span class='ocrx_word' id='word_1_167' title='bbox 380 2080 495 2140; x_wconf 88' lang='lat' dir='ltr'>tertiam</span> <span class='ocrx_word' id='word_1_168' title='bbox 523 2098 650 2150; x_wconf 88' lang='lat' dir='ltr'>movere,</span> <span class='ocrx_word' id='word_1_169' title='bbox 677 2079 864 2156; x_wconf 86' lang='lat' dir='ltr'>mediamque</span> <span class='ocrx_word' id='word_1_170' title='bbox 889 2080 959 2137; x_wconf 90' lang='lat' dir='ltr'>licet</span> <span class='ocrx_word' id='word_1_171' title='bbox 986 2081 1132 2156; x_wconf 86' lang='lat' dir='ltr'>positione</span> <span class='ocrx_word' id='word_1_172' title='bbox 1147 2081 1212 2139; x_wconf 86' lang='lat' dir='ltr'>sola</span> 
     </span>
     <span class='ocr_line' id='line_1_20' title="bbox 109 2164 1209 2254; baseline 0.002 -20"><span class='ocrx_word' id='word_1_173' title='bbox 109 2175 235 2254; x_wconf 82' lang='lat' dir='ltr'>longam</span> <span class='ocrx_word' id='word_1_174' title='bbox 252 2164 419 2254; x_wconf 78' lang='lat' dir='ltr'>corripere:</span> <span class='ocrx_word' id='word_1_175' title='bbox 449 2196 515 2235; x_wconf 92' lang='lat' dir='ltr'>cum</span> <span class='ocrx_word' id='word_1_176' title='bbox 544 2196 579 2235; x_wconf 90' lang='lat' dir='ltr'>eo</span> <span class='ocrx_word' id='word_1_177' title='bbox 603 2175 734 2254; x_wconf 84' lang='lat' dir='ltr'>legitima</span> <span class='ocrx_word' id='word_1_178' title='bbox 756 2175 966 2254; x_wconf 87' lang='lat' dir='ltr'>pronuntiandi</span> <span class='ocrx_word' id='word_1_179' title='bbox 990 2176 1062 2234; x_wconf 86' lang='lat' dir='ltr'>ratio</span> <span class='ocrx_word' id='word_1_180' title='bbox 1088 2176 1209 2237; x_wconf 90' lang='lat' dir='ltr'>nimium</span> 
     </span>
     <span class='ocr_line' id='line_1_21' title="bbox 109 2269 1209 2351; baseline 0.003 -22"><span class='ocrx_word' id='word_1_181' title='bbox 109 2271 293 2344; x_wconf 87' lang='lat' dir='ltr'>immutetur,</span> <span class='ocrx_word' id='word_1_182' title='bbox 318 2292 372 2332; x_wconf 92' lang='lat' dir='ltr'>nec</span> <span class='ocrx_word' id='word_1_183' title='bbox 397 2272 608 2331; x_wconf 87' lang='lat' dir='ltr'>immutationis</span> <span class='ocrx_word' id='word_1_184' title='bbox 634 2270 742 2329; x_wconf 89' lang='lat' dir='ltr'>idonea</span> <span class='ocrx_word' id='word_1_185' title='bbox 771 2271 843 2330; x_wconf 89' lang='lat' dir='ltr'>satis</span> <span class='ocrx_word' id='word_1_186' title='bbox 873 2289 963 2330; x_wconf 86' lang='lat' dir='ltr'>causa</span> <span class='ocrx_word' id='word_1_187' title='bbox 985 2269 1125 2344; x_wconf 90' lang='lat' dir='ltr'>audienti,</span> <span class='ocrx_word' id='word_1_188' title='bbox 1150 2292 1209 2351; x_wconf 93' lang='lat' dir='ltr'>quo</span> 
     </span>
     <span class='ocr_line' id='line_1_22' title="bbox 109 2365 1209 2444; baseline 0.002 -20"><span class='ocrx_word' id='word_1_189' title='bbox 109 2367 211 2425; x_wconf 90' lang='lat' dir='ltr'>minus</span> <span class='ocrx_word' id='word_1_190' title='bbox 226 2367 401 2444; x_wconf 84' lang='lat' dir='ltr'>offendatur,</span> <span class='ocrx_word' id='word_1_191' title='bbox 416 2388 447 2427; x_wconf 89' lang='lat' dir='ltr'>se</span> <span class='ocrx_word' id='word_1_192' title='bbox 462 2367 610 2426; x_wconf 86' lang='lat' dir='ltr'>ostendat.</span> <span class='ocrx_word' id='word_1_193' title='bbox 646 2367 701 2424; x_wconf 92' lang='lat' dir='ltr'>Est</span> <span class='ocrx_word' id='word_1_194' title='bbox 714 2365 832 2444; x_wconf 83' lang='lat' dir='ltr'>quidem</span> <span class='ocrx_word' id='word_1_195' title='bbox 847 2367 896 2424; x_wconf 92' lang='lat' dir='ltr'>ubi</span> <span class='ocrx_word' id='word_1_196' title='bbox 911 2366 1036 2424; x_wconf 86' lang='lat' dir='ltr'>Plautus</span> <span class='ocrx_word' id='word_1_197' title='bbox 1050 2366 1107 2427; x_wconf 86' lang='lat' dir='ltr'>lrac</span> <span class='ocrx_word' id='word_1_198' title='bbox 1120 2370 1209 2427; x_wconf 89' lang='lat' dir='ltr'>etiam</span> 
     </span>
     <span class='ocr_line' id='line_1_23' title="bbox 110 2455 1209 2542; baseline 0.005 -22"><span class='ocrx_word' id='word_1_199' title='bbox 110 2462 232 2522; x_wconf 85' lang='lat' dir='ltr'>licentia</span> <span class='ocrx_word' id='word_1_200' title='bbox 247 2465 347 2536; x_wconf 89' lang='lat' dir='ltr'>utitur,</span> <span class='ocrx_word' id='word_1_201' title='bbox 363 2464 414 2523; x_wconf 93' lang='lat' dir='ltr'>sed</span> <span class='ocrx_word' id='word_1_202' title='bbox 431 2465 568 2542; x_wconf 83' lang='lat' dir='ltr'>parcius:</span> <span class='ocrx_word' id='word_1_203' title='bbox 585 2455 617 2522; x_wconf 83' lang='lat' dir='ltr'>e.</span> <span class='ocrx_word' id='word_1_204' title='bbox 633 2484 663 2542; x_wconf 85' lang='lat' dir='ltr'>g.</span> <span class='ocrx_word' id='word_1_205' title='bbox 679 2463 705 2521; x_wconf 88' lang='lat' dir='ltr'>vi</span> <span class='ocrx_word' id='word_1_206' title='bbox 720 2483 831 2532; x_wconf 88' lang='lat' dir='ltr'>eorum,</span> <span class='ocrx_word' id='word_1_207' title='bbox 846 2483 913 2540; x_wconf 85' lang='lat' dir='ltr'>quae</span> <span class='ocrx_word' id='word_1_208' title='bbox 929 2473 1033 2541; x_wconf 90' lang='lat' dir='ltr'>quarto</span> <span class='ocrx_word' id='word_1_209' title='bbox 1047 2463 1114 2522; x_wconf 89' lang='lat' dir='ltr'>loco</span> <span class='ocrx_word' id='word_1_210' title='bbox 1129 2464 1209 2525; x_wconf 91' lang='lat' dir='ltr'>dicta</span> 
     </span>
     <span class='ocr_line' id='line_1_24' title="bbox 110 2558 1210 2641; baseline 0.004 -24"><span class='ocrx_word' id='word_1_211' title='bbox 110 2569 192 2631; x_wconf 89' lang='lat' dir='ltr'>sunt,</span> <span class='ocrx_word' id='word_1_212' title='bbox 207 2561 352 2641; x_wconf 86' lang='lat' dir='ltr'>corripere</span> <span class='ocrx_word' id='word_1_213' title='bbox 373 2563 442 2620; x_wconf 85' lang='lat' dir='ltr'>licet</span> <span class='ocrx_word' id='word_1_214' title='bbox 466 2561 628 2620; x_wconf 83' lang='lat' dir='ltr'>secundam</span> <span class='ocrx_word' id='word_1_215' title='bbox 652 2561 693 2636; x_wconf 92' lang='lat' dir='ltr'>in,</span> <span class='ocrx_word' id='word_1_216' title='bbox 710 2560 879 2639; x_wconf 87' lang='lat' dir='ltr'>voluptatis,</span> <span class='ocrx_word' id='word_1_217' title='bbox 902 2559 1028 2616; x_wconf 91' lang='lat' dir='ltr'>sednon</span> <span class='ocrx_word' id='word_1_218' title='bbox 1048 2558 1125 2619; x_wconf 89' lang='lat' dir='ltr'>idem</span> <span class='ocrx_word' id='word_1_219' title='bbox 1140 2561 1210 2621; x_wconf 91' lang='lat' dir='ltr'>licet</span> 
     </span>
     <span class='ocr_line' id='line_1_25' title="bbox 108 2654 1018 2736; baseline 0.002 -24"><span class='ocrx_word' id='word_1_220' title='bbox 108 2654 316 2735; x_wconf 85' lang='lat' dir='ltr'>in,.voluptas,</span> <span class='ocrx_word' id='word_1_221' title='bbox 331 2659 464 2736; x_wconf 89' lang='lat' dir='ltr'>quamvis</span> <span class='ocrx_word' id='word_1_222' title='bbox 478 2657 535 2717; x_wconf 93' lang='lat' dir='ltr'>hoc</span> <span class='ocrx_word' id='word_1_223' title='bbox 549 2677 665 2736; x_wconf 90' lang='lat' dir='ltr'>quoque</span> <span class='ocrx_word' id='word_1_224' title='bbox 681 2678 697 2716; x_wconf 89' lang='lat' dir='ltr'>a</span> <span class='ocrx_word' id='word_1_225' title='bbox 712 2659 820 2717; x_wconf 87' lang='lat' dir='ltr'>Plauto</span> <span class='ocrx_word' id='word_1_226' title='bbox 835 2656 943 2735; x_wconf 76' lang='lat' dir='ltr'>saepius</span> <span class='ocrx_word' id='word_1_227' title='bbox 958 2656 1018 2714; x_wconf 88' lang='lat' dir='ltr'>fiat.</span> 
     </span>
    </p>

    <p class='ocr_par' dir='ltr' id='par_1_6' title="bbox 103 2752 1243 4174">
     <span class='ocr_line' id='line_1_26' title="bbox 154 2752 1207 2831; baseline 0.004 -23"><span class='ocrx_word' id='word_1_228' title='bbox 154 2752 255 2810; x_wconf 93' lang='lat' dir='ltr'>Unum</span> <span class='ocrx_word' id='word_1_229' title='bbox 269 2772 355 2831; x_wconf 93' lang='lat' dir='ltr'>porro</span> <span class='ocrx_word' id='word_1_230' title='bbox 366 2754 543 2812; x_wconf 88' lang='lat' dir='ltr'>monendum</span> <span class='ocrx_word' id='word_1_231' title='bbox 560 2763 695 2831; x_wconf 90' lang='lat' dir='ltr'>superest</span> <span class='ocrx_word' id='word_1_232' title='bbox 710 2752 748 2810; x_wconf 93' lang='lat' dir='ltr'>de</span> <span class='ocrx_word' id='word_1_233' title='bbox 762 2752 999 2831; x_wconf 90' lang='lat' dir='ltr'>pronuntiatione</span> <span class='ocrx_word' id='word_1_234' title='bbox 1010 2772 1207 2813; x_wconf 90' lang='lat' dir='ltr'>consonarum</span> 
     </span>
     <span class='ocr_line' id='line_1_27' title="bbox 108 2846 1207 2924; baseline 0.004 -21"><span class='ocrx_word' id='word_1_235' title='bbox 108 2846 116 2902; x_wconf 96' lang='lat' dir='ltr'>i</span> <span class='ocrx_word' id='word_1_236' title='bbox 133 2855 164 2905; x_wconf 86' lang='lat' dir='ltr'>et</span> <span class='ocrx_word' id='word_1_237' title='bbox 177 2867 209 2918; x_wconf 91' lang='lat' dir='ltr'>u,</span> <span class='ocrx_word' id='word_1_238' title='bbox 224 2867 291 2924; x_wconf 88' lang='lat' dir='ltr'>quae</span> <span class='ocrx_word' id='word_1_239' title='bbox 307 2867 366 2907; x_wconf 89' lang='lat' dir='ltr'>non</span> <span class='ocrx_word' id='word_1_240' title='bbox 386 2856 446 2906; x_wconf 88' lang='lat' dir='ltr'>tam</span> <span class='ocrx_word' id='word_1_241' title='bbox 462 2847 535 2906; x_wconf 91' lang='lat' dir='ltr'>dure</span> <span class='ocrx_word' id='word_1_242' title='bbox 558 2847 714 2906; x_wconf 83' lang='lat' dir='ltr'>efferendae</span> <span class='ocrx_word' id='word_1_243' title='bbox 730 2857 810 2916; x_wconf 89' lang='lat' dir='ltr'>sunt,</span> <span class='ocrx_word' id='word_1_244' title='bbox 825 2866 860 2905; x_wconf 86' lang='lat' dir='ltr'>ac</span> <span class='ocrx_word' id='word_1_245' title='bbox 876 2847 954 2924; x_wconf 90' lang='lat' dir='ltr'>apud</span> <span class='ocrx_word' id='word_1_246' title='bbox 970 2866 1024 2905; x_wconf 92' lang='lat' dir='ltr'>nos</span> <span class='ocrx_word' id='word_1_247' title='bbox 1038 2849 1099 2907; x_wconf 83' lang='lat' dir='ltr'>fieri</span> <span class='ocrx_word' id='word_1_248' title='bbox 1120 2848 1207 2923; x_wconf 87' lang='lat' dir='ltr'>solet,</span> 
     </span>
     <span class='ocr_line' id='line_1_28' title="bbox 108 2941 1211 3023; baseline 0 -23"><span class='ocrx_word' id='word_1_249' title='bbox 108 2942 162 3000; x_wconf 91' lang='lat' dir='ltr'>sed</span> <span class='ocrx_word' id='word_1_250' title='bbox 178 2941 312 3002; x_wconf 86' lang='lat' dir='ltr'>molliore</span> <span class='ocrx_word' id='word_1_251' title='bbox 328 2962 412 3016; x_wconf 87' lang='lat' dir='ltr'>sono,</span> <span class='ocrx_word' id='word_1_252' title='bbox 428 2944 535 3021; x_wconf 89' lang='lat' dir='ltr'>quique</span> <span class='ocrx_word' id='word_1_253' title='bbox 549 2943 680 3023; x_wconf 84' lang='lat' dir='ltr'>proxime</span> <span class='ocrx_word' id='word_1_254' title='bbox 701 2941 824 3000; x_wconf 89' lang='lat' dir='ltr'>accedat</span> <span class='ocrx_word' id='word_1_255' title='bbox 849 2941 888 2998; x_wconf 93' lang='lat' dir='ltr'>ad</span> <span class='ocrx_word' id='word_1_256' title='bbox 902 2941 984 2998; x_wconf 90' lang='lat' dir='ltr'>illum</span> <span class='ocrx_word' id='word_1_257' title='bbox 998 2961 1057 3019; x_wconf 90' lang='lat' dir='ltr'>quo</span> <span class='ocrx_word' id='word_1_258' title='bbox 1077 2957 1211 3019; x_wconf 80' lang='lat' dir='ltr'>pronun·</span> 
     </span>
     <span class='ocr_line' id='line_1_29' title="bbox 108 3037 1206 3117; baseline 0.001 -23"><span class='ocrx_word' id='word_1_259' title='bbox 108 3037 217 3096; x_wconf 87' lang='lat' dir='ltr'>tiamus</span> <span class='ocrx_word' id='word_1_260' title='bbox 232 3058 252 3116; x_wconf 92' lang='lat' dir='ltr'>y</span> <span class='ocrx_word' id='word_1_261' title='bbox 266 3048 296 3096; x_wconf 88' lang='lat' dir='ltr'>et</span> <span class='ocrx_word' id='word_1_262' title='bbox 310 3059 354 3106; x_wconf 79' lang='lat' dir='ltr'>w:</span> <span class='ocrx_word' id='word_1_263' title='bbox 377 3039 457 3117; x_wconf 90' lang='lat' dir='ltr'>quod</span> <span class='ocrx_word' id='word_1_264' title='bbox 473 3050 502 3098; x_wconf 90' lang='lat' dir='ltr'>et</span> <span class='ocrx_word' id='word_1_265' title='bbox 516 3042 553 3099; x_wconf 89' lang='lat' dir='ltr'>ab</span> <span class='ocrx_word' id='word_1_266' title='bbox 570 3040 633 3098; x_wconf 86' lang='lat' dir='ltr'>aliis</span> <span class='ocrx_word' id='word_1_267' title='bbox 657 3039 768 3097; x_wconf 93' lang='lat' dir='ltr'>dudum</span> <span class='ocrx_word' id='word_1_268' title='bbox 783 3039 969 3096; x_wconf 87' lang='lat' dir='ltr'>observatum</span> <span class='ocrx_word' id='word_1_269' title='bbox 992 3047 1048 3104; x_wconf 86' lang='lat' dir='ltr'>est,</span> <span class='ocrx_word' id='word_1_270' title='bbox 1063 3048 1093 3094; x_wconf 89' lang='lat' dir='ltr'>et</span> <span class='ocrx_word' id='word_1_271' title='bbox 1107 3056 1206 3095; x_wconf 90' lang='lat' dir='ltr'>verum</span> 
     </span>
     <span class='ocr_line' id='line_1_30' title="bbox 107 3130 1206 3208; baseline 0 -20"><span class='ocrx_word' id='word_1_272' title='bbox 107 3150 173 3190; x_wconf 87' lang='lat' dir='ltr'>esse</span> <span class='ocrx_word' id='word_1_273' title='bbox 198 3131 317 3191; x_wconf 89' lang='lat' dir='ltr'>abunde</span> <span class='ocrx_word' id='word_1_274' title='bbox 331 3143 461 3192; x_wconf 81' lang='lat' dir='ltr'>constat</span> <span class='ocrx_word' id='word_1_275' title='bbox 488 3153 524 3192; x_wconf 85' lang='lat' dir='ltr'>ex</span> <span class='ocrx_word' id='word_1_276' title='bbox 547 3134 776 3192; x_wconf 90' lang='lat' dir='ltr'>resolutionibus</span> <span class='ocrx_word' id='word_1_277' title='bbox 799 3132 975 3208; x_wconf 87' lang='lat' dir='ltr'>syllabarum</span> <span class='ocrx_word' id='word_1_278' title='bbox 1000 3149 1067 3206; x_wconf 86' lang='lat' dir='ltr'>quae</span> <span class='ocrx_word' id='word_1_279' title='bbox 1089 3131 1126 3187; x_wconf 93' lang='lat' dir='ltr'>ab</span> <span class='ocrx_word' id='word_1_280' title='bbox 1142 3130 1206 3190; x_wconf 86' lang='lat' dir='ltr'>istis</span> 
     </span>
     <span class='ocr_line' id='line_1_31' title="bbox 104 3225 1205 3308; baseline 0.001 -24"><span class='ocrx_word' id='word_1_281' title='bbox 104 3226 198 3287; x_wconf 89' lang='lat' dir='ltr'>literis</span> <span class='ocrx_word' id='word_1_282' title='bbox 223 3228 379 3305; x_wconf 88' lang='lat' dir='ltr'>incipiunt,</span> <span class='ocrx_word' id='word_1_283' title='bbox 400 3248 467 3307; x_wconf 81' lang='lat' dir='ltr'>quae</span> <span class='ocrx_word' id='word_1_284' title='bbox 489 3247 641 3306; x_wconf 90' lang='lat' dir='ltr'>nunquam</span> <span class='ocrx_word' id='word_1_285' title='bbox 665 3237 725 3285; x_wconf 86' lang='lat' dir='ltr'>tam</span> <span class='ocrx_word' id='word_1_286' title='bbox 749 3226 858 3285; x_wconf 84' lang='lat' dir='ltr'>crebrae</span> <span class='ocrx_word' id='word_1_287' title='bbox 880 3225 1017 3298; x_wconf 86' lang='lat' dir='ltr'>luissent,</span> <span class='ocrx_word' id='word_1_288' title='bbox 1033 3227 1058 3283; x_wconf 90' lang='lat' dir='ltr'>si</span> <span class='ocrx_word' id='word_1_289' title='bbox 1082 3225 1205 3308; x_wconf 81' lang='lat' dir='ltr'>Veteres</span> 
     </span>
     <span class='ocr_line' id='line_1_32' title="bbox 104 3321 1205 3403; baseline 0.002 -23"><span class='ocrx_word' id='word_1_290' title='bbox 104 3321 205 3382; x_wconf 88' lang='lat' dir='ltr'>literas</span> <span class='ocrx_word' id='word_1_291' title='bbox 221 3343 273 3382; x_wconf 89' lang='lat' dir='ltr'>eas</span> <span class='ocrx_word' id='word_1_292' title='bbox 288 3324 393 3382; x_wconf 88' lang='lat' dir='ltr'>eodem</span> <span class='ocrx_word' id='word_1_293' title='bbox 407 3344 466 3403; x_wconf 90' lang='lat' dir='ltr'>quo</span> <span class='ocrx_word' id='word_1_294' title='bbox 480 3343 535 3384; x_wconf 90' lang='lat' dir='ltr'>nos</span> <span class='ocrx_word' id='word_1_295' title='bbox 558 3323 647 3383; x_wconf 89' lang='lat' dir='ltr'>modo</span> <span class='ocrx_word' id='word_1_296' title='bbox 669 3322 930 3402; x_wconf 84' lang='lat' dir='ltr'>pronuntiassent:</span> <span class='ocrx_word' id='word_1_297' title='bbox 951 3342 1019 3380; x_wconf 90' lang='lat' dir='ltr'>cum</span> <span class='ocrx_word' id='word_1_298' title='bbox 1033 3321 1127 3401; x_wconf 85' lang='lat' dir='ltr'>majus</span> <span class='ocrx_word' id='word_1_299' title='bbox 1142 3331 1205 3382; x_wconf 89' lang='lat' dir='ltr'>tum</span> 
     </span>
     <span class='ocr_line' id='line_1_33' title="bbox 104 3409 1243 3498; baseline 0.005 -22"><span class='ocrx_word' id='word_1_300' title='bbox 104 3417 213 3477; x_wconf 85' lang='lat' dir='ltr'>fuisset</span> <span class='ocrx_word' id='word_1_301' title='bbox 234 3418 311 3478; x_wconf 89' lang='lat' dir='ltr'>iuter</span> <span class='ocrx_word' id='word_1_302' title='bbox 331 3409 465 3498; x_wconf 87' lang='lat' dir='ltr'>ejusdem</span> <span class='ocrx_word' id='word_1_303' title='bbox 491 3421 583 3479; x_wconf 86' lang='lat' dir='ltr'>literae</span> <span class='ocrx_word' id='word_1_304' title='bbox 609 3438 710 3491; x_wconf 89' lang='lat' dir='ltr'>sonos,</span> <span class='ocrx_word' id='word_1_305' title='bbox 736 3419 842 3498; x_wconf 90' lang='lat' dir='ltr'>quibus</span> <span class='ocrx_word' id='word_1_306' title='bbox 863 3438 942 3477; x_wconf 90' lang='lat' dir='ltr'>nunc</span> <span class='ocrx_word' id='word_1_307' title='bbox 966 3437 1110 3488; x_wconf 88' lang='lat' dir='ltr'>consona,</span> <span class='ocrx_word' id='word_1_308' title='bbox 1124 3439 1204 3479; x_wconf 88' lang='lat' dir='ltr'>nunc</span> <span class='ocrx_word' id='word_1_309' title='bbox 1240 3478 1243 3483; x_wconf 83' lang='lat'>.</span> 
     </span>
     <span class='ocr_line' id='line_1_34' title="bbox 104 3512 1204 3592; baseline 0.001 -19"><span class='ocrx_word' id='word_1_310' title='bbox 104 3514 216 3573; x_wconf 84' lang='lat' dir='ltr'>vocalis</span> <span class='ocrx_word' id='word_1_311' title='bbox 240 3512 399 3584; x_wconf 87' lang='lat' dir='ltr'>efferretur,</span> <span class='ocrx_word' id='word_1_312' title='bbox 427 3514 595 3586; x_wconf 85' lang='lat' dir='ltr'>discrimen,</span> <span class='ocrx_word' id='word_1_313' title='bbox 620 3534 708 3591; x_wconf 89' lang='lat' dir='ltr'>quam</span> <span class='ocrx_word' id='word_1_314' title='bbox 736 3514 816 3592; x_wconf 90' lang='lat' dir='ltr'>quod</span> <span class='ocrx_word' id='word_1_315' title='bbox 840 3534 877 3573; x_wconf 86' lang='lat' dir='ltr'>ex</span> <span class='ocrx_word' id='word_1_316' title='bbox 906 3515 999 3574; x_wconf 89' lang='lat' dir='ltr'>altera</span> <span class='ocrx_word' id='word_1_317' title='bbox 1023 3514 1052 3572; x_wconf 93' lang='lat' dir='ltr'>in</span> <span class='ocrx_word' id='word_1_318' title='bbox 1082 3515 1204 3575; x_wconf 88' lang='lat' dir='ltr'>alteram</span> 
     </span>
     <span class='ocr_line' id='line_1_35' title="bbox 103 3608 1203 3689; baseline -0.002 -22"><span class='ocrx_word' id='word_1_319' title='bbox 103 3610 263 3667; x_wconf 86' lang='lat' dir='ltr'>transitum</span> <span class='ocrx_word' id='word_1_320' title='bbox 287 3608 374 3667; x_wconf 79' lang='lat' dir='ltr'>facile</span> <span class='ocrx_word' id='word_1_321' title='bbox 397 3610 458 3688; x_wconf 89' lang='lat' dir='ltr'>pati</span> <span class='ocrx_word' id='word_1_322' title='bbox 478 3609 639 3689; x_wconf 86' lang='lat' dir='ltr'>potuisset:</span> <span class='ocrx_word' id='word_1_323' title='bbox 673 3628 699 3667; x_wconf 90' lang='lat' dir='ltr'>c.</span> <span class='ocrx_word' id='word_1_324' title='bbox 711 3629 741 3686; x_wconf 84' lang='lat' dir='ltr'>g.</span> <span class='ocrx_word' id='word_1_325' title='bbox 771 3608 856 3680; x_wconf 91' lang='lat' dir='ltr'>inter,</span> <span class='ocrx_word' id='word_1_326' title='bbox 869 3609 990 3687; x_wconf 85' lang='lat' dir='ltr'>pariete,</span> <span class='ocrx_word' id='word_1_327' title='bbox 1015 3619 1055 3681; x_wconf 91' lang='lat' dir='ltr'>et,</span> <span class='ocrx_word' id='word_1_328' title='bbox 1080 3610 1203 3688; x_wconf 87' lang='lat' dir='ltr'>pargite,</span> 
     </span>
     <span class='ocr_line' id='line_1_36' title="bbox 104 3701 1202 3783; baseline -0.004 -20"><span class='ocrx_word' id='word_1_329' title='bbox 104 3703 258 3783; x_wconf 92' lang='lat' dir='ltr'>quomodo</span> <span class='ocrx_word' id='word_1_330' title='bbox 273 3722 327 3762; x_wconf 87' lang='lat' dir='ltr'>nos</span> <span class='ocrx_word' id='word_1_331' title='bbox 350 3701 508 3775; x_wconf 87' lang='lat' dir='ltr'>efferimus,</span> <span class='ocrx_word' id='word_1_332' title='bbox 530 3704 704 3783; x_wconf 88' lang='lat' dir='ltr'>pernimium</span> <span class='ocrx_word' id='word_1_333' title='bbox 718 3703 857 3771; x_wconf 81' lang='lat' dir='ltr'>interest:</span> <span class='ocrx_word' id='word_1_334' title='bbox 887 3703 972 3776; x_wconf 90' lang='lat' dir='ltr'>inter,</span> <span class='ocrx_word' id='word_1_335' title='bbox 998 3705 1119 3782; x_wconf 90' lang='lat' dir='ltr'>pariete,</span> <span class='ocrx_word' id='word_1_336' title='bbox 1134 3721 1202 3761; x_wconf 91' lang='lat' dir='ltr'>vero</span> 
     </span>
     <span class='ocr_line' id='line_1_37' title="bbox 104 3797 1202 3881; baseline -0.005 -21"><span class='ocrx_word' id='word_1_337' title='bbox 104 3813 142 3872; x_wconf 91' lang='lat' dir='ltr'>et,</span> <span class='ocrx_word' id='word_1_338' title='bbox 157 3809 293 3881; x_wconf 89' lang='lat' dir='ltr'>paryete,</span> <span class='ocrx_word' id='word_1_339' title='bbox 307 3818 409 3878; x_wconf 89' lang='lat' dir='ltr'>parum</span> <span class='ocrx_word' id='word_1_340' title='bbox 432 3799 611 3858; x_wconf 88' lang='lat' dir='ltr'>admodum:</span> <span class='ocrx_word' id='word_1_341' title='bbox 641 3800 694 3872; x_wconf 89' lang='lat' dir='ltr'>sic,</span> <span class='ocrx_word' id='word_1_342' title='bbox 708 3799 820 3872; x_wconf 83' lang='lat' dir='ltr'>tenuia,</span> <span class='ocrx_word' id='word_1_343' title='bbox 841 3810 881 3871; x_wconf 87' lang='lat' dir='ltr'>et,</span> <span class='ocrx_word' id='word_1_344' title='bbox 897 3803 1029 3870; x_wconf 84' lang='lat' dir='ltr'>teu-wia,</span> <span class='ocrx_word' id='word_1_345' title='bbox 1051 3797 1128 3856; x_wconf 90' lang='lat' dir='ltr'>idem</span> <span class='ocrx_word' id='word_1_346' title='bbox 1142 3797 1202 3855; x_wconf 80' lang='lat' dir='ltr'>sera</span> 
     </span>
     <span class='ocr_line' id='line_1_38' title="bbox 104 3893 1201 3969; baseline -0.001 -15"><span class='ocrx_word' id='word_1_347' title='bbox 104 3906 224 3969; x_wconf 91' lang='lat' dir='ltr'>sonant,</span> <span class='ocrx_word' id='word_1_348' title='bbox 239 3894 305 3968; x_wconf 85' lang='lat' dir='ltr'>sed,</span> <span class='ocrx_word' id='word_1_349' title='bbox 318 3896 428 3967; x_wconf 87' lang='lat' dir='ltr'>tenuia,</span> <span class='ocrx_word' id='word_1_350' title='bbox 442 3905 482 3967; x_wconf 90' lang='lat' dir='ltr'>et,</span> <span class='ocrx_word' id='word_1_351' title='bbox 495 3895 603 3968; x_wconf 87' lang='lat' dir='ltr'>tenvia,</span> <span class='ocrx_word' id='word_1_352' title='bbox 615 3915 681 3955; x_wconf 91' lang='lat' dir='ltr'>cum</span> <span class='ocrx_word' id='word_1_353' title='bbox 694 3914 762 3968; x_wconf 77' lang='lat' dir='ltr'>vau,</span> <span class='ocrx_word' id='word_1_354' title='bbox 772 3914 846 3954; x_wconf 91' lang='lat' dir='ltr'>sono</span> <span class='ocrx_word' id='word_1_355' title='bbox 857 3895 981 3954; x_wconf 90' lang='lat' dir='ltr'>multum</span> <span class='ocrx_word' id='word_1_356' title='bbox 992 3893 1107 3951; x_wconf 86' lang='lat' dir='ltr'>diversa</span> <span class='ocrx_word' id='word_1_357' title='bbox 1120 3903 1201 3954; x_wconf 90' lang='lat' dir='ltr'>suut.</span> 
     </span>
     <span class='ocr_line' id='line_1_39' title="bbox 103 3988 1200 4071; baseline 0 -21"><span class='ocrx_word' id='word_1_358' title='bbox 103 3993 203 4071; x_wconf 85' lang='lat' dir='ltr'>Atque</span> <span class='ocrx_word' id='word_1_359' title='bbox 216 3992 285 4050; x_wconf 87' lang='lat' dir='ltr'>haec</span> <span class='ocrx_word' id='word_1_360' title='bbox 298 3991 463 4051; x_wconf 87' lang='lat' dir='ltr'>observatio</span> <span class='ocrx_word' id='word_1_361' title='bbox 478 3991 515 4051; x_wconf 91' lang='lat' dir='ltr'>de</span> <span class='ocrx_word' id='word_1_362' title='bbox 530 3991 605 4051; x_wconf 82' lang='lat' dir='ltr'>veris</span> <span class='ocrx_word' id='word_1_363' title='bbox 619 3992 724 4052; x_wconf 86' lang='lat' dir='ltr'>harum</span> <span class='ocrx_word' id='word_1_364' title='bbox 739 3993 889 4052; x_wconf 86' lang='lat' dir='ltr'>literarum</span> <span class='ocrx_word' id='word_1_365' title='bbox 903 3991 984 4048; x_wconf 88' lang='lat' dir='ltr'>sonis</span> <span class='ocrx_word' id='word_1_366' title='bbox 998 3999 1045 4046; x_wconf 89' lang='lat' dir='ltr'>est</span> <span class='ocrx_word' id='word_1_367' title='bbox 1065 3988 1200 4050; x_wconf 70' lang='lat' dir='ltr'>maxime</span> 
     </span>
     <span class='ocr_line' id='line_1_40' title="bbox 104 4081 1201 4174; baseline 0 -28"><span class='ocrx_word' id='word_1_368' title='bbox 104 4107 183 4168; x_wconf 83' lang='lat' dir='ltr'>saepe</span> <span class='ocrx_word' id='word_1_369' title='bbox 198 4086 351 4152; x_wconf 83' lang='lat' dir='ltr'>utilitatis:</span> <span class='ocrx_word' id='word_1_370' title='bbox 372 4105 389 4145; x_wconf 81' lang='lat' dir='ltr'>r</span> <span class='ocrx_word' id='word_1_371' title='bbox 404 4105 473 4146; x_wconf 84' lang='lat' dir='ltr'>uero</span> <span class='ocrx_word' id='word_1_372' title='bbox 486 4105 649 4147; x_wconf 86' lang='lat' dir='ltr'>consonam</span> <span class='ocrx_word' id='word_1_373' title='bbox 663 4087 707 4174; x_wconf 82' lang='lat' dir='ltr'>sic</span> <span class='ocrx_word' id='word_1_374' title='bbox 731 4085 910 4166; x_wconf 85' lang='lat' dir='ltr'>pronuntiari</span> <span class='ocrx_word' id='word_1_375' title='bbox 929 4081 1024 4144; x_wconf 87' lang='lat' dir='ltr'>solere</span> <span class='ocrx_word' id='word_1_376' title='bbox 1037 4082 1201 4168; x_wconf 80' lang='lat' dir='ltr'>clarissima</span> 
     </span>
    </p>
   </div>
   <div class='ocr_carea' id='block_1_4' title="bbox 0 0 1347 4702">
    <p class='ocr_par' dir='ltr' id='par_1_7' title="bbox 0 0 1347 4702">
     <span class='ocr_line' id='line_1_41' title="bbox 0 0 1347 4702; baseline 0 0"><span class='ocrx_word' id='word_1_377' title='bbox 0 0 1347 4702; x_wconf 95' lang='lat' dir='ltr'> </span> 
     </span>
    </p>
   </div>
  </div>
 </body>
</html>
