2678 4702
374 321 546 371 nuuucrrr
574 323 655 374 ror.
679 323 734 376 ιιι.
757 325 809 374 so.
833 327 873 375 rr.
1104 315 1172 385 453

56 460 162 527 Scire
177 481 312 546 aequum
326 469 379 529 cst
394 464 654 546 adolescentem,
670 470 823 534 solertem
840 471 939 534 dabo.
1129 475 1174 538 25

66 563 167 629 Tun.
191 564 264 645 Ego
279 564 375 628 illum
390 568 590 645 eunuchum,
604 571 633 632 si
648 589 735 651 opus
751 572 808 648 sit,
825 572 879 635 vel
896 574 1041 639 sobrius.

66 665 137 729 Pr.
160 663 274 748 Atque
289 666 363 731 baec
375 669 435 750 qui
449 670 552 745 misit,
568 691 633 734 non
651 674 716 735 sibi
732 673 796 736 soli
813 676 963 756 postulat

64 766 117 830 Te
132 767 257 845 vivere,
274 773 307 833 ot
320 788 385 833 sua
398 788 503 834 causa
517 773 655 836 excludi
671 779 817 840 ceteros:

65 867 190 949 Neque
203 889 332 951 pugnas
346 878 469 948 narrat,
483 893 591 956 neque
608 876 785 940 cicatrices
802 896 882 940 snas

67 968 246 1049 Ostentat3
261 990 371 1054 neque
387 972 450 1036 tibi
465 975 590 1051 obstat,
604 976 840 1059 quodquidam
855 975 953 1042 tacit:
1126 981 1171 1046 30

63 1068 208 1148 Verum,
223 1072 283 1135 nbi
298 1074 477 1138 molestum
491 1080 643 1155 nouerit,
657 1079 716 1141 nbi
733 1084 768 1142 tn
783 1079 888 1155 voles,

63 1169 137 1242 Ubi
152 1178 288 1254 tempus
303 1174 365 1237 tibi
380 1175 454 1252 erit,
471 1183 524 1239 sat
537 1176 648 1254 habet,
664 1180 695 1242 si
709 1187 780 1243 tum
792 1181 963 1262 recipitur.

33 1358 36 1365 Ι
61 1271 162 1336 Tira.
184 1272 339 1356 Apparet
354 1293 488 1339 servum
503 1276 591 1341 bunc
607 1299 683 1342 esse
698 1280 825 1342 domini
842 1281 1003 1363 pauperis

63 1373 264 1458 Miserique.
308 1376 380 1439 GN.
404 1377 495 1442 Nam
510 1378 622 1442 hercle
637 1400 737 1444 nemo
754 1389 884 1463 posset,
900 1385 955 1445 sat
969 1383 1053 1458 scio,

64 1473 138 1554 Qui
153 1476 302 1554 baberet,
317 1479 377 1560 qni
393 1485 528 1561 pararet
542 1480 660 1557 alium,
676 1481 764 1544 hunc
776 1482 919 1564 perpeti.
1126 1485 1171 1548 35

63 1578 134 1642 Pa.
158 1577 250 1641 Tace
265 1583 312 1655 tu,
328 1597 426 1660 quern
441 1598 504 1660 ego
519 1599 594 1644 csse
609 1581 696 1644 intra
709 1582 844 1645 infimos
857 1585 985 1646 omneis
998 1590 1083 1665 puto

64 1677 251 1758 Homines;
266 1697 343 1741 narn
357 1679 417 1762 qni
431 1679 510 1746 huic
526 1681 670 1745 animum
686 1684 850 1747 assentari
866 1683 1050 1764 induxeris,

64 1779 95 1843 E
107 1779 246 1845 flamma
260 1783 376 1860 petere
392 1786 427 1843 te
444 1780 558 1844 cibum
573 1801 675 1864 posse
689 1783 841 1848 arbitror.

63 1949 89 1998 ia
108 1951 207 2002 musicis
222 1951 362 2016 preceptis:
382 1951 485 2015 peritum
505 1955 529 1998 et
550 1948 693 1997 industrium
714 1951 880 1999 adolescentem
892 1965 940 1999 esee
953 1951 1078 2014 mactabo.
1095 1949 1168 2000 Terre·

63 2015 120 2075 Ego
143 2016 211 2065 illum
243 2017 388 2076 Eunuchum,
418 2017 454 2064 rel
478 2031 524 2064 nera
543 2019 613 2078 petus
634 2017 658 2060 et
685 2012 771 2075 ebrium,
797 2015 820 2062 si
840 2014 875 2062 sit
894 2031 958 2077 epus.
1001 2016 1053 2064 Pa.
1080 2015 1168 2076 Atque,

62 2092 75 2126 o
100 2079 196 2129 Tlmr's!
216 2081 247 2140 is,
261 2080 302 2144 qui
316 2080 365 2128 lroec
380 2094 478 2128 munera
494 2079 538 2128 tibi
553 2077 639 2137 mittit,
652 2092 697 2125 um
716 2093 761 2140 pro
779 2078 816 2126 bis
835 2078 906 2140 petit,
922 2084 945 2127 te
962 2079 1009 2127 sibi
1023 2077 1170 2136 soliemure,

64 2149 87 2191 et
109 2143 171 2190 ulios
191 2150 306 2193 amatores
323 2149 375 2193 tuos
397 2144 522 2208 expellere:
549 2157 622 2205 neque
639 2156 683 2189 suu
705 2142 791 2204 prelio
807 2142 916 2201 jactitat,
939 2157 1012 2205 ueque
1033 2142 1170 2191 metrum:

62 2207 124 2270 quod
142 2208 238 2273 quidam
252 2209 317 2267 fucit
328 2208 433 2269 (Thraso
452 2206 557 2271 uempe):
584 2220 656 2269 oeque
671 2206 766 2269 impedit
785 2205 906 2268 quominus
924 2207 1014 2255 lucrum
1034 2223 1065 2256 eu
1085 2207 1170 2255 ceteris

56 2269 155 2329 sociem·
172 2287 252 2320 caum
267 2272 416 2332 naumurum
432 2271 479 2325 riui
496 2287 545 2325 esse
562 2271 699 2330 arbitretur,
714 2269 737 2318 si
754 2285 806 2318 eum
824 2269 945 2330 admittas,
955 2272 1045 2332 qrmrrdo
1061 2270 1106 2319 tibi
1122 2285 1170 2320 uon

60 2333 232 2385 ismnuuodum
249 2337 304 2398 erit,
314 2337 405 2399 quaudo
422 2337 528 2385 voluutas
548 2335 668 2394 truseret
685 2340 708 2383 et
725 2332 892 2398 opportunitas.
934 2334 1006 2383 Tun.
1025 2334 1075 2382 Hie
1089 2338 1172 2384 serora

60 2398 252 2449 ridetur-bobert
267 2416 391 2464 pauperem
406 2401 524 2449 dmuiuum
540 2399 702 2461 miserumque.
736 2399 790 2446 (iu.
806 2397 848 2446 Itu
865 2396 1010 2454 urelrerculet
1025 2413 1091 2446 nemo
1107 2399 1171 2447 mua

56 2469 140 2526 posset
150 2464 212 2512 dure
222 2466 263 2514 diu
273 2467 380 2521 tolerare,
390 2463 432 2528 qm
440 2465 535 2513 limeret
543 2463 674 2526 pecuniam,
685 2477 731 2526 quc
741 2463 815 2511 altum
824 2467 917 2510 cureret.
932 2461 983 2509 Pr.
996 2460 1048 2510 Sile
1058 2467 1093 2521 tu,
1103 2476 1171 2524 quem

56 2542 105 2588 ego
113 2543 176 2591 pono
186 2528 251 2589 infra
261 2529 386 2578 citissimus
395 2543 473 2577 eunies
483 2533 506 2577 et
517 2527 683 2587 abjectissimos
692 2526 811 2582 homiuem·
828 2541 892 2586 uum,
902 2526 962 2588 quod
972 2524 1017 2574 tibi
1028 2526 1169 2588 persomdere

54 2591 176 2656 potueris,
186 2593 374 2656 utlruicsemper
391 2595 530 2640 assentando
549 2591 694 2652 odgrotiam
707 2597 730 2638 et
741 2591 883 2640 voluntatem
893 2587 1027 2652 loquereris,
1039 2605 1069 2638 es
1079 2589 1135 2650 igue
1145 2594 1169 2639 te

58 2833 141 2884 Bam.
158 2828 247 2894 sirpus
256 2831 306 2887 m,-
321 2829 367 2880 sed
385 2830 426 2879 bic
438 2845 489 2879 non
501 2829 547 2879 fiet
563 2830 729 2893 synaloepha:
748 2843 824 2893 qnam
837 2830 968 2880 licentlnm
981 2831 1130 2893 vitaremus,
1145 2830 1169 2880 si
1188 2875 1195 2884 .

57 2897 255 2961 legeremuau
274 2911 331 2961 opus
348 2895 402 2951 siet,
419 2904 448 2943 ut
459 2909 548 2944 omnes
560 2895 602 2942 alii
621 2896 638 2943 l.
657 2909 680 2944 s.
697 2901 724 2942 et
742 2895 794 2942 Do.
813 2896 858 2943 Fu.
891 2896 932 2943 Ita
944 2902 972 2943 et
984 2896 1075 2944 nostri.
1092 2895 1168 2947 Beni.

57 2962 119 3012 ΒΜ
137 2960 216 3009 Bent.
235 2959 296 3023 Bip.
313 2959 390 3009 Both.
406 2959 478 3008 Perl.
512 2957 577 3007 Sciet
598 2959 642 3008 lir.
663 2959 691 3006 in
710 2973 761 3022 quo
779 2960 863 3019 glossa
882 2965 922 3008 est
942 2959 975 3007 ad
996 2960 1043 3007 lroc
1060 2959 1169 3009 uerbum

58 3028 68 3055 ⁴
82 3023 158 3090 qnod
169 3022 260 3072 dieis'r’
279 3023 310 3072 de
322 3037 373 3088 qua
383 3023 420 3071 ita
432 3024 532 3072 Bruns:
549 3024 557 3050 ‘
571 3022 643 3071 Nota
655 3021 726 3071 favet
739 3023 844 3071 lectioni
856 3023 909 3070 Me.
922 3037 953 3071 ex
966 3023 1023 3072 aliis
1034 3021 1097 3073 libb.
1117 3036 1169 3072 non

60 3087 231 3139 erutae.'-2⁷
248 3087 275 3139 J.
290 3094 318 3136 et
335 3088 453 3137 Venetus
472 3086 531 3136 cod.
550 3087 588 3136 lu'e
608 3101 654 3150 pro
672 3088 730 3135 bec.
749 3087 821 3136 Peri.
854 3088 947 3149 Neque,
967 3088 1016 3135 lraec
1033 3087 1073 3148 qui
1091 3086 1168 3151 misit,

56 3148 178 3219 perstabat,
196 3151 240 3200 soli
251 3151 298 3200 rui
312 3151 457 3204 Bothe-29
474 3150 537 3199 Suus
548 3151 624 3200 abest
635 3166 651 3200 a
661 3148 752 3200 ouert.
763 3155 854 3200 3.-32
873 3152 933 3200 Tum
943 3151 965 3199 si
976 3151 1049 3200 dedit
1060 3149 1169 3202 Auctor.

61 3218 211 3268 seru-sa
229 3215 306 3270 Quem
324 3230 368 3277 ego
387 3230 436 3264 esse
451 3220 510 3277 puto
520 3215 586 3272 iufra
597 3230 674 3264 omues
683 3215 785 3279 infimos.
818 3215 870 3265 Hic
882 3229 983 3279 quoqne
995 3229 1088 3277 magna
1098 3213 1171 3268 facta

61 3286 105 3330 est
116 3279 294 3343 transpositio,
304 3287 396 3328 contra
406 3280 518 3328 omniurn
529 3279 650 3328 librorum
662 3278 739 3328 tidem
751 3279 787 3327 ric
799 3277 959 3340 habentium,
977 3279 1053 3334 Quem
1067 3294 1110 3341 ego
1121 3294 1169 3328 esse

60 3342 319 3407 infruiufimmomm's
336 3349 407 3406 pulo:
424 3351 451 3392 et
462 3343 560 3392 Donati
580 3357 689 3408 quoqne,
709 3342 759 3393 nisi
798 3343 846 3391 nod
866 3343 953 3404 babet,
971 3343 1037 3402 iufra
1047 3359 1104 3394 esse.
1121 3344 1168 3394 Fa.

61 3410 102 3460 Et
119 3406 203 3457 nostrl
221 3407 298 3456 etiam
318 3422 366 3456 esse
384 3407 466 3468 ἐκίνεις
483 3406 528 3456 sed
540 3408 638 3457 Donati
655 3407 735 3456 lectio
750 3357 874 3466 supraema
885 3407 1018 3458 verissima
1029 3414 1077 3458 est.
1111 3408 1169 3458 Etsi

62 3472 114 3524 Pr.
132 3486 163 3535 p.
184 3475 241 3520 992.
257 3485 306 3521 erse
322 3470 405 3532 infra:
423 3471 502 3520 etiarn
521 3472 616 3522 Mstne.
634 3473 710 3522 Beut.
743 3471 815 3530 quru
829 3485 877 3521 esse
894 3479 922 3521 et
934 3472 1077 3523 Rutu—³7
1096 3471 1169 3536 Lege

63 3551 127 3586 cnm
147 3534 245 3584 dnobus
265 3551 297 3584 ex
316 3535 421 3591 nostris,
441 3542 469 3584 et
486 3536 553 3587 Edd.
570 3542 635 3586 vett.
653 3536 891 3586 msenturinm'mum.
909 3537 986 3586 Beut.
1020 3537 1169 3601 Sequuntur

63 3600 146 3650 Botb.
157 3599 295 3649 Peri—³8
314 3600 346 3649 l'e
361 3604 449 3662 petere.
481 3600 526 3648 Vi.
538 3606 565 3650 et
577 3601 621 3650 alii
633 3601 761 3664 plerique,
771 3615 801 3649 ac
812 3601 863 3650 Do.
879 3606 958 3663 petere
968 3605 1008 3649 te:
1023 3602 1068 3663 qni
1079 3601 1170 3648 melior
1228 3589 1231 3594 ¹
1254 3609 1257 3614 ·

63 3675 109 3721 est
125 3676 256 3714 uumerus.
275 3664 320 3712 Fu.
352 3665 452 3713 Recte:
470 3663 522 3711 etsi
542 3679 575 3714 ex
595 3665 689 3714 nostris
706 3671 759 3712 tres
780 3670 880 3714 tantum
899 3665 937 3714 sic
957 3664 1075 3715 babeant.
1092 3663 1167 3714 Beut.

565 3787 676 3840 NOTAE

66 3886 189 3938 extincta
202 3889 260 3934 ests
278 3883 341 3934 nibil
357 3883 490 3949 enimjam
505 3899 597 3949 prope·
637 3890 770 3950 praecepta
781 3885 824 3936 illa
833 3883 935 3934 Artium
947 3881 1102 3946 significant.

65 3961 175 4014 modum
196 3960 293 4010 babere
315 3960 429 4024 videtur,
448 3967 544 4025 praeter
563 3961 599 4008 le·
669 3965 702 4009 26
719 3961 813 4023 Siopue
821 3956 1168 4025 sit,celsobrius]·0rationis

64 4050 127 4088 vern
138 4035 236 4084 aurium
247 4035 458 4084 delectationem.
476 4036 599 4085 Ceterum
639 4033 757 4085 defectus
775 4034 897 4082 honestus
911 4031 1107 4082 obscoenitatem
1119 4032 1171 4083 dis·

67 4111 182 4175 Musica,
198 4111 357 4171 Dialectica,
373 4110 520 4171 Rhetorica,
540 4125 601 4160 curn
639 4111 768 4161 simulans.

68 4191 165 4239 neutro
185 4199 281 4250 genere
299 4184 425 4235 dicuntur
447 4185 473 4234 in
499 4185 601 4250 plurali,
673 4190 706 4236 ³8
723 4185 747 4236 E
759 4184 859 4251 flemma
870 4189 949 4249 petere
960 4187 984 4234 te
994 4184 1082 4248 cilum]
1099 4184 1171 4250 Epu-
