2678 4702
117 288 184 354 412
488 301 518 348 6.
543 300 724 349 amaru
749 302 837 351 ruer

119 443 192 522 Ait,
207 443 236 508 si
252 442 353 506 fidem
367 441 498 519 lrabeat,
513 461 551 506 sa
566 444 605 507 iri
620 446 841 528 praepositam
857 443 921 508 tibi

118 544 223 628 Apud
237 564 299 625 me,
314 563 356 608 ao
369 562 438 608 666
452 543 488 607 16
503 549 639 622 metuat,
655 564 708 624 ne,
724 546 782 610 ubi
796 545 1001 629 acceperim,
1147 545 1195 610 ,66

119 647 202 711 Sese
216 646 410 729 relinquam,
430 646 518 710 velle
534 665 572 710 se
587 647 680 711 illam
694 648 777 712 mibi
792 647 888 712 dare:

119 747 247 813 Verum
262 748 297 812 id
310 749 429 813 vereri:
445 748 519 824 sed,
534 767 597 830 ego
613 756 775 833 quantum
790 749 960 834 suspicor,

117 850 174 915 Ad
191 850 351 933 virginem
366 850 509 913 animum
525 849 661 932 adjecit.
708 849 774 913 ΡΑ.
797 850 956 914 Etiamne
972 848 1139 932 ampliusl

118 951 189 1017 ΤΗ.
213 950 327 1016 Nihil:
342 971 417 1014 nam
431 950 591 1032 quaesivi:
607 969 694 1014 nuuc
710 969 771 1031 ego
787 968 872 1027 eum,
889 951 935 1013 mi
949 949 1123 1028 Phaedria,

120 1051 242 1118 Multae
259 1059 337 1117 sunt
351 1071 477 1129 oausae,
493 1053 707 1134 quamobrem
722 1052 858 1135 cupiam
873 1050 1044 1115 abducere
1063 1072 1071 1115 :
1166 1047 1199 1136 65

119 1153 270 1219 Primum
283 1153 373 1239 quod
387 1173 486 1218 soror
500 1160 555 1217 est
565 1152 675 1217 diota:
697 1160 871 1235 praeterea,
888 1158 926 1215 ut
940 1152 1015 1216 suis
1053 1160 1058 1165 '

120 1254 315 1321 Restituam
328 1276 369 1321 66
384 1255 543 1320 reddam:
558 1255 632 1319 sola
646 1272 738 1318 sum:
753 1254 863 1317 habeo
878 1253 933 1316 hic
949 1253 1135 1332 neminem

121 1357 242 1439 Neque
258 1358 414 1436 amioum,
428 1376 537 1438 neque
551 1362 749 1437 cognatum:
772 1355 1001 1437 quamobrem,
1020 1354 1176 1431 Phaedria,

120 1457 230 1541 Cupio
245 1458 378 1542 aliquos
392 1477 508 1541 parare
520 1457 648 1520 amicos
663 1454 825 1519 beneficio
837 1472 921 1516 meo.
968 1456 972 1467 '

120 1557 162 1622 Id
178 1561 317 1624 amabo!
332 1559 453 1642 adjuta
462 1578 529 1636 me,
540 1577 608 1640 quo
624 1555 660 1619 id
674 1555 737 1620 fiat
751 1554 898 1619 facilius.
1168 1555 1200 1622 lt

120 1660 201 1725 Sine
216 1661 310 1724 illum
324 1661 449 1743 priores
464 1664 576 1741 partes
591 1659 693 1722 hosce
708 1657 837 1739 aliquot
851 1656 926 1719 dies

118 1759 223 1842 Apud
235 1779 287 1823 me
300 1760 436 1824 babere:
451 1759 533 1822 nihil
549 1760 758 1841 respondesl
805 1757 874 1823 Pu.
899 1757 1082 1836 Pessuma,
1175 1807 1178 1814 .
1245 1786 1247 1793 ·

119 1860 223 1942 Egon’
238 1861 419 1945 quicquam
434 1880 510 1924 cum
525 1861 600 1925 istis
615 1861 716 1924 lactis
731 1863 794 1925 tibi
802 1860 1059 1943 'respondeaml

120 1961 186 2027 ΡΑ.
209 1962 261 2027 Eu
272 1962 401 2026 nostor!
414 1960 535 2025 laudo:
551 1961 684 2025 tandem
699 1961 881 2043 perdoluit:
897 1960 951 2024 vir
966 1979 1018 2023 es.

119 2131 188 2193 dicit,
198 2131 301 2194 eifldem
311 2129 359 2192 iper*
370 2128 473 2187 sariam,
487 2143 512 2176 ee
527 2129 617 2191 priores
626 2133 706 2190 parter
715 2130 778 2192 apud
788 2143 832 2191 me,
842 2132 867 2176 te
876 2128 1015 2191 postposito,
1026 2129 1165 2189 1666616666,
1174 2141 1203 2174 n·
1245 2160 1247 2177 .

119 2210 163 2257 666
181 2199 279 2254 metuat,
295 2208 332 2253 ne,
353 2193 393 2241 ubi
408 2194 484 2252 puella
500 2194 564 2241 data
577 2192 733 2249 ministrent,
751 2208 802 2242 reae
819 2193 940 2240 dimittam
950 2207 961 2250 ,·
978 2193 1075 2242 6611666
1086 2194 1149 2241 ittam
1158 2190 1203 2239 uili

119 2261 207 2306 donare
213 2273 222 2313 ‚·
237 2272 317 2305 nerum
331 2257 357 2304 id
367 2256 489 2304 dubitare:
505 2258 556 2316 red,
566 2270 610 2318 ego
624 2261 735 2319 quantum
745 2257 822 2304 artium
832 2257 940 2316 66661666,
950 2259 982 2304 ad
994 2257 1114 2317 virginem
1120 2268 1205 2304 amorra

119 2321 238 2380 adiunxit.
271 2321 325 2368 Pu.
343 2320 518 2381 Numquidnam
535 2320 607 2368 etiam
624 2321 725 2382 66611666
742 2318 798 2370 ert?
829 2321 881 2368 Tu.
898 2320 990 2379 Nilul5
1011 2337 1068 2369 nam
1085 2323 1204 2383 permutati

119 2400 180 2441 666,
191 2384 224 2433 mi
235 2384 362 2432 Pliadria:
377 2398 438 2432 aune
454 2398 508 2432 vera
523 2385 699 2447 quamplurimae
716 2390 771 2432 eunt
782 2399 865 2443 66666,
874 2389 972 2446 propter
982 2399 1043 2447 6666
1053 2387 1122 2448 cupio
1130 2381 1205 2432 66661

119 2464 156 2498 me
166 2465 181 2497 6
189 2449 331 2511 6666666666
338 2447 422 2495 militie
432 2450 598 2497 transducere:
608 2449 780 2510 primumquod
789 2462 854 2496 aanor
863 2462 914 2497 mea
929 2449 995 2498 dieta
1006 2454 1060 2498 ert:
1075 2456 1125 2498 tum
1139 2447 1205 2505 66611,

119 2518 206 2561 616666
216 2513 265 2560 ruia
275 2517 368 2574 raptam
377 2512 508 2571 restituam,
515 2516 540 2559 et
549 2513 660 2559 amineum
670 2514 774 2560 reddam.
807 2511 863 2560 Sala
876 2527 929 2560 aum
937 2527 948 2569 ,·
964 2512 1039 2561 166666
1049 2513 1089 2562 nic
1099 2511 1205 2568 aenaea,

119 2591 191 2637 neque
209 2578 318 2635 amicum,
333 2589 404 2634 neque
417 2579 550 2635 cognatum,
561 2576 601 2636 qui
618 2575 688 2636 milti,
698 2591 750 2624 cum
767 2591 823 2638 apua
834 2575 919 2637 fuerit,
931 2576 1100 2625 auxilientur.-
1115 2573 1206 2638 6666666·

119 2653 178 2697 reru,
189 2639 312 2693 Pbtedria¹
329 2637 396 2697 cupio
416 2639 505 2699 aliquae
516 2639 574 2685 arilei
584 2640 672 2686 amicae
682 2639 806 2688 6666616666
822 2640 880 2686 nteit
895 2640 997 2687 meritis.
1033 2640 1064 2689 16
1081 2645 1109 2688 ut
1123 2638 1206 2700 saeuus

120 2715 256 2764 consequar,
273 2706 328 2762 peto
347 2716 362 2748 a
381 2705 405 2747 te
420 2706 447 2748 ut
460 2701 520 2748 milri
536 2708 624 2763 praeta
635 2703 761 2753 66666616.
796 2702 990 2751 Pennitter'ltum
1005 2703 1149 2752 Thrasonem
1158 2702 1207 2763 apti

120 2780 156 2814 me
166 2767 263 2814 admitti
273 2766 300 2813 in
314 2764 402 2827 potiori
411 2769 488 2827 parte,
498 2765 561 2813 blare
571 2767 658 2828 aliquot
674 2766 764 2816 616666.
799 2767 869 2815 Nibil
883 2765 1031 2828 respondes?
1065 2769 1122 2817 Pu.
1138 2768 1206 2816 Detur·

120 2829 733 2891 rima,tibineegoquirquamrerponderedebeam,
750 2831 877 2879 tatiacum
895 2831 955 2878 milri
964 2830 1070 2889 faciae?
1104 2833 1153 2880 ΡΑ.
1167 2827 1207 2878 un

119 2899 206 2957 666666,
215 2908 282 2958 euge,
292 2893 374 2955 magni
385 2899 408 2941 te
419 2892 487 2951 facio
495 2909 506 2952 ,⁰
522 2896 616 2943 tandem
634 2909 698 2956 oegre
712 2894 766 2953 sert
776 2910 800 2943 ee
811 2893 889 2942 deludi
895 2910 905 2951 ,·
915 2894 1020 2953 6666166
1029 2897 1061 2944 ad
1072 2897 1206 2944 animumn·

120 3106 201 3167 addit,
213 3108 288 3167 dedit,
299 3108 375 3168 male,
383 3106 474 3170 jndice
486 3109 634 3156 west-6⁰
649 3106 675 3157 J.
692 3114 719 3155 et
730 3109 849 3158 Venetus
860 3107 919 3158 cod.
932 3109 995 3158 add.
1005 3109 1036 3158 ab
1048 3124 1075 3158 66
1088 3114 1147 3172 poet
1155 3121 1206 3156 ame·

10 3205 12 3208 -
117 3168 268 3233 paim-til
285 3171 334 3219 Sed
352 3186 396 3231 ege
414 3172 517 3234 turpiter
535 3176 645 3233 quantum
662 3169 752 3222 Guelf.
771 3177 858 3222 6.-63
875 3173 933 3222 ΕΡ.
949 3175 981 3221 66
1001 3189 1025 3222 6.
1038 3175 1207 3222 66666616.-

120 3239 151 3283 66
170 3235 211 3283 Ita
221 3250 253 3284 ex
265 3236 338 3284 Benr.
351 3235 460 3298 aliisque
473 3236 585 3298 antiquis
598 3235 662 3296 legit
675 3237 718 3284 Fa.
753 3235 805 3285 Alii
815 3252 874 3286 cunr
890 3239 941 3286 Do.
957 3238 1104 3299 capia-67
1124 3237 1207 3286 Colloe.

120 3299 198 3346 Redd.
218 3305 320 3348 aerest.
355 3298 441 3348 Guelf.
454 3304 544 3348 ³.-t58
562 3300 711 3360 Legendum
732 3308 820 3349 monet
840 3302 917 3349 Bent.
936 3302 1022 3362 Neque
1040 3307 1131 3363 notum,
1149 3312 1209 3360 66666

120 3366 319 3422 augrimum—69
338 3364 366 3411 C.
378 3378 402 3410 a.
411 3378 496 3425 parm
510 3378 533 3411 a.
550 3362 571 3411 b.
582 3362 627 3425 m.]
643 3366 702 3413 Scio
714 3371 741 3412 et
753 3365 881 3413 Donatum
893 3371 954 3414 eto.
966 3366 985 3412 l.
999 3379 1020 3412 s.
1034 3365 1209 3414 consentirem

119 3425 185 3473 banc
198 3427 260 3473 lect.
273 3426 317 3473 sed
331 3427 407 3473 video
421 3441 456 3474 ue.
469 3425 631 3489 impeditum,
642 3428 689 3475 niel
702 3429 803 3489 legatur
812 3435 841 3476 ut
851 3430 878 3477 in
890 3428 963 3476 Beru-
977 3429 1056 3492 Capio
1067 3445 1092 3478 a.
1106 3441 1208 3492 parma

119 3497 150 3538 ut
161 3495 188 3537 et
200 3504 256 3552 sup.
269 3490 364 3551 legitur
375 3491 400 3536 16
413 3489 479 3539 llud.
495 3494 502 3517 ‘
516 3505 608 3553 parere
620 3492 662 3538 bie
672 3492 804 3541 divitias:'
822 3494 860 3540 ita
877 3494 946 3540 enim
957 3506 997 3542 vs.
1011 3500 1075 3551 etat,
1087 3501 1115 3542 et
1133 3505 1208 3542 666666

119 3553 187 3603 idem
205 3559 252 3602 est.
270 3553 315 3601 Fa.
350 3553 440 3604 Parere
452 3555 647 3618 probantBeut.
661 3557 730 3604 Perl.
747 3557 822 3605 Botlr.
834 3556 916 3604 Zeun.
934 3557 971 3604 ite
982 3555 1207 3621 quoquehabetll.

29 3659 32 3665 ,
119 3618 212 3668 Leidd.
223 3632 287 3666 6666
296 3623 507 3680 praeparare-70
524 3616 688 3680 superfluum
701 3620 785 3682 estid,
797 3624 1065 3683 nequeeomparetin
1078 3623 1102 3669 B
1115 3627 1143 3669 et
1158 3620 1206 3670 1161.

120 3683 194 3731 Β616.
230 3682 314 3730 Abest
326 3696 427 3745 quoque
437 3683 463 3730 in
472 3684 576 3731 Μ.-71
594 3684 638 3730 Br.
645 3685 733 3746 prioris
742 3686 828 3746 partie.
850 3685 921 3746 Lipe.
940 3685 1018 3746 alter,
1028 3700 1074 3748 per
1085 3686 1152 3733 boare
1160 3682 1206 3732 66

119 3751 184 3795 -rt
200 3747 238 3794 Μ.
249 3754 276 3795 et
287 3746 347 3795 edd.
359 3747 489 3795 vetustiss.
501 3746 577 3794 etiam
594 3748 649 3796 ΕΡ.
666 3749 728 3796 nibil
738 3749 796 3796 mint
812 3764 833 3796 r.
851 3747 902 3796 Sed
915 3757 942 3796 et
953 3755 1079 3812 apparet,
1091 3750 1208 3798 Donatum

119 3811 157 3860 lta
166 3811 267 3872 legisse.
292 3811 328 3858 Ut
341 3810 406 3859 adeo
418 3811 592 3872 emphaticam
610 3813 643 3860 sit
659 3811 689 3860 rb
700 3813 768 3861 milri.
796 3812 871 3863 Quod
891 3818 918 3860 et
934 3812 1064 3861 exhibent
1084 3814 1150 3862 Pall.
1160 3824 1207 3876 qur·

121 3881 188 3924 tuor.
208 3875 280 3923 Wert.
313 3875 384 3923 Nihil
394 3874 426 3936 r.]
442 3874 483 3922 lta
500 3874 602 3936 quidem
619 3890 707 3924 ornnes
719 3876 816 3940 antiqui
828 3876 891 3924 libb.
903 3876 949 3924 666
966 3876 1012 3925 alii
1024 3891 1117 3926 666666
1129 3885 1155 3925 et
1167 3877 1206 3922 Do.

119 3939 189 3989 inter
208 3939 262 3986 bae
281 3938 332 3986 duo
349 3940 427 3986 verba
446 3937 542 3985 babent
560 3939 625 3989 mitti.
644 3941 688 3989 Fa.
708 3942 754 3989 Va.
771 3940 870 4002 respuit
884 3940 1026 3989 millenae
1044 3940 1107 3990 edd.
1126 3936 1206 3988 Donati

118 4009 271 4113 616666·
284 4003 1206 4118 „ttuliteettlazttelrtultllrt'ltltstbtrtu

119 4126 148 4176 τὸ
159 4127 219 4177 tibi:
237 4079 304 4192 qubd
316 4083 498 4194 apteqintertbr
508 4101 575 4195 ‘poet
591 4129 658 4183 mibi.
676 4121 823 4184 west-ll
839 4100 895 4182 uu
906 4091 980 4196 vulg.²
996 4104 1088 4183 linelf.
1106 4084 1203 4184 alum.
