2678 4702
386 292 559 347 auuucnr
584 296 740 347 sorau.
764 291 817 349 so.
835 299 857 347 r.
971 299 975 306 ·
1106 285 1173 351 dib

68 439 145 508 GN.
167 437 314 506 Gestire.
355 439 428 505 ΤΗ.
450 439 565 506 Veros
588 441 863 533 credereomnem
878 441 1073 522 exercitum,

65 543 234 608 Consilia.
280 543 351 608 Gn.
375 544 512 608 Mirum.
555 544 625 608 ΤΗ.
647 545 736 609 Tum
752 543 863 609 sicubi
877 564 951 610 eum
967 545 1074 611 satias

68 645 271 723 Hominum,
285 652 343 710 aut
356 646 465 728 negoti
480 647 648 730 siquando
664 646 943 730 odiumzceperat,

67 744 300 831 Requiescere
312 748 371 813 ubi
386 749 539 829 volebat3
555 749 652 832 quasi
664 769 673 814 t
687 747 837 813 nostin't
883 748 955 813 Gn.
979 750 1078 816 Scio:
1130 750 1175 816 lb

68 848 181 931 Quasi
199 851 258 913 ubi
281 850 373 915 illam
393 857 574 935 exspueret
596 853 770 935 miseriam
783 871 829 915 ex
847 852 970 916 animo.
1013 853 1085 918 ΤΗ.
1106 851 1174 918 Te·

198 969 269 1016 nes.

65 1050 158 1115 Tum
172 1071 226 1115 me
241 1052 416 1117 convivam
432 1052 541 1119 solnm
556 1053 747 1119 abducebat
760 1052 839 1118 sibi.
883 1052 955 1118 GN.
979 1053 1072 1120 Huit

67 1152 201 1236 Regem
216 1155 404 1236 elegantem
420 1175 546 1221 narras.
589 1156 662 1223 ΤΗ.
684 1156 795 1221 Immo
811 1156 863 1220 sic
877 1155 976 1220 homo
989 1163 1044 1221 est
1100 1211 1104 1221 .

65 1339 122 1389 Tu.
139 1339 245 1389 Scilicet.
255 1341 266 1361 ‘
279 1340 333 1390 (ἐκ.
353 1339 478 1402 Gestabat,
488 1339 544 1391 adeo
554 1341 702 1392 veliementer
713 1344 737 1391 te
754 1336 870 1391 amata.
889 1340 945 1391 Tra.
964 1339 1003 1391 lta
1013 1344 1056 1392 est.
1090 1341 1175 1391 roten

63 1405 262 1453 exercitammeoe
305 1405 502 1464 eicommittebct,
520 1406 617 1456 masilia
634 1420 693 1455 meoe
709 1407 849 1469 pwbntioe.
883 1406 937 1456 Gn.
954 1407 986 1456 Id
1000 1406 1173 1456 admirmrdam.

63 1468 119 1516 ΤΕ.
139 1469 207 1527 liam,
234 1468 239 1480 '
287 1469 398 1529 'fastidio
408 1471 526 1518 bominum
540 1477 583 1520 aut
599 1470 669 1520 taedio
684 1469 830 1532 negotiorum
842 1472 1003 1532 tenebatur,si
1015 1471 1101 1534 quietis
1111 1469 1174 1519 desi·

64 1533 135 1581 derio
147 1533 289 1596 capiebatur,
304 1533 384 1596 meast:
402 1533 494 1583 somne?
528 1536 582 1584 Gn·
601 1535 677 1590 Quasi
688 1537 777 1598 quando
792 1540 906 1584 scomma
925 1536 989 1584 illam
1005 1536 1134 1584 sumtum
1143 1548 1175 1582 ea·

61 1595 155 1646 asima.
187 1599 241 1646 Tm.
261 1598 347 1647 Nosti:
364 1602 420 1647 tanc
436 1600 563 1648 mesalum
581 1599 706 1648 abductum
723 1614 811 1648 measa
826 1600 933 1648 comitem
951 1601 1083 1650 adhibebat.
1116 1599 1172 1648 (itt.

65 1660 142 1711 Hui!
160 1662 251 1722 Regem
259 1662 360 1725 lepidum
370 1677 490 1712 memoras.
523 1665 575 1713 Tra.
593 1664 677 1725 Immo,
690 1664 725 1714 sic
741 1665 807 1713 borao
823 1669 969 1729 comparatus
983 1670 1036 1724 cett
1050 1677 1175 1730 perpasto·

57 1932 91 1986 'ia
102 1940 129 1985 te
138 1940 174 1984 est
186 1934 224 1987 G..
232 1934 294 1986 EM.
310 1935 350 1986 Id.
368 1937 394 1985 ia
411 1936 475 1986 Add-
510 1935 558 1993 Qui
573 1936 625 2000 legi
647 1934 743 1986 debere
763 1943 791 1986 et
810 1951 901 1986 versus
919 1937 1021 1999 etipsa
1046 1937 1174 1986 Latinitas

64 2000 218 2052 ostendunt.
238 2001 299 2050 Gau.
333 2001 471 2049 Veterrimi
488 2002 584 2065 quique
602 2001 706 2051 codices
728 2006 760 2050 et
776 2007 879 2050 veteres
898 2001 1069 2051 Grammatici
1089 2001 1175 2056 Quor.-

64 2062 254 2127 benefactum,
269 2073 296 2113 et
306 2064 354 2114 lroc
368 2080 452 2114 reram
465 2067 537 2115 uobis
548 2067 685 2131 lectionem
697 2067 873 2126 conservavit,
891 2081 966 2127 quarn
979 2081 995 2113 a
1015 2063 1103 2113 multis
1118 2065 1176 2126 jam

63 2129 172 2178 sreculis
183 2129 367 2192 discipolorum
380 2131 463 2192 gratia
475 2138 646 2192 corruperant
657 2131 789 2192 Magistri.
823 2131 894 2192 Lego
908 2131 986 2190 enim,
1003 2129 1044 2192 qui
1059 2130 1094 2177 sul
1104 2128 1175 2177 babet

67 2195 140 2249 Quod
161 2194 187 2241 in
209 2198 233 2242 te
253 2199 296 2242 est.
329 2192 403 2243 ‘Sal'
426 2195 487 2242 clim
512 2209 608 2257 genere
630 2202 722 2244 neutro
743 2200 809 2245 erat.
843 2193 1175 2256 representamus.

66 2272 148 2308 masc.
159 2273 191 2306 ex
202 2258 251 2307 hoc
262 2259 320 2306 loco
333 2259 409 2319 citat,
427 2259 475 2314 Qut
492 2259 561 2308 babet
578 2261 658 2321 sulem,
673 2260 734 2322 quod
748 2258 774 2307 ia
791 2264 815 2307 te
831 2263 882 2307 est:
900 2267 928 2307 et
945 2258 1033 2308 addit:
1052 2257 1176 2308 ‘lavern-

66 2329 148 2371 untur
160 2329 246 2371 tamen
257 2322 359 2386 qnidam
373 2324 548 2384 vetustissimi,
560 2325 636 2373 etiarn
649 2329 742 2372 neutro
754 2336 848 2385 genere
864 2322 913 2371 ltuc
930 2321 1089 2386 protulisse?
1121 2322 1175 2372 Cur

67 2397 157 2436 autem
169 2387 356 2436 vetustissimi?
373 2387 418 2451 qui
429 2388 554 2437 Terentio
575 2389 732 2450 posteriores
750 2386 831 2453 mplto
848 2392 917 2435 strnt.
951 2386 1029 2436 ‘Sal’
1049 2385 1175 2448 syllabam

66 2450 223 2515 productam
246 2466 302 2499 esse
324 2453 400 2500 testis
420 2451 494 2500 Beda
513 2453 545 2500 de
566 2452 659 2501 Metris
679 2467 705 2514 p.
725 2451 890 2501 assalierit.
916 2451 959 2513 qni
979 2449 1024 2499 dat
1041 2464 1126 2511 mugra
1148 2449 1175 2498 in

66 2529 105 2566 vs.
122 2519 152 2578 e.
176 2514 220 2564 obi
243 2515 307 2578 legit
328 2516 452 2565 Botlrius:
470 2531 581 2576 magnum
600 2517 683 2564 niuno.
716 2515 803 2564 ‘Male
825 2515 868 2563 alii
891 2514 940 2570 Qut
959 2515 985 2562 in
1003 2519 1027 2562 te
1045 2513 1099 2562 est.’
1116 2513 1176 2576 Rip.

24 2586 26 2593 ’
68 2580 177 2637 Quint.
210 2578 330 2628 Suliabet
340 2581 418 2630 Botlr.
452 2581 506 2628 Pro
518 2586 662 2629 transmovet
674 2577 899 2638 danttrcusfertJ.
912 2576 1066 2627 etVenetus
1080 2577 1137 2628 cod.
1147 2584 1175 2628 et

66 2658 118 2709 pro
137 2642 233 2693 Scilicet
253 2644 297 2692 dat
317 2643 347 2692 Si
364 2645 420 2693 ticet
439 2659 503 2692 unns
522 2645 642 2692 Pal—12
662 2644 758 2692 Gestire
776 2644 841 2692 Mss.
862 2643 964 2705 plurimi
976 2657 1033 2691 cnm
1046 2641 1176 2692 editorum

85 2707 298 2758 raestantissimis.
330 2706 649 2766 Subandiendumautem,
666 2708 764 2756 habere
780 2709 821 2757 vel
840 2705 918 2756 ferre.
952 2707 1109 2770 Vulgocum
1123 2707 1176 2758 Ma.

10 2791 22 2801 ·
90 2773 141 2836 'ps.
164 2771 301 2835 Librisque
323 2771 387 2828 aliis,
408 2777 514 2834 gesture,
537 2772 641 2835 qnando
661 2772 760 2834 ellipsis
783 2771 861 2820 nulla.
895 2770 957 2830 Alii,
980 2771 1074 2820 Verum.
1091 2772 1176 2822 West.

67 2837 168 2888 Omnes
179 2836 238 2885 libri
249 2842 377 2900 quotquot
387 2843 457 2893 sunt,
474 2842 502 2884 et
513 2835 612 2898 antiqui
624 2842 651 2891 et
663 2842 792 2896 recentes,
803 2844 855 2883 tum
867 2834 993 2896 Terentii,
1006 2843 1059 2882 tum
1067 2835 1175 2898 Donatl,

63 2901 165 2951 babent
174 2899 278 2950 Gestire.
301 2901 384 2951 Quam
396 2902 459 2949 lect.
472 2898 651 2958 admittentes,
663 2913 831 2961 exponemus,
843 2899 930 2947 laetum
944 2904 1010 2955 e'sse,
1022 2906 1049 2947 et
1061 2897 1176 2960 gaudere

66 2980 101 3015 err
113 2965 249 3026 convictu,
263 2965 364 3013 scilicet
384 2969 438 3013 tuo.
458 2965 504 3013 Fu.
537 2963 627 3012 Codex
648 2971 735 3012 tamen
751 2962 901 3021 Bembinns,
925 2962 1026 3010 Bembc
1044 2970 1177 3026 narrante,

67 3030 187 3081 catere:
204 3036 282 3093 atque
294 3030 332 3077 lta
342 3028 393 3077 dno
405 3044 437 3078 ea
449 3026 543 3076 nostris
554 3028 695 3077 veterrimi.
730 3028 821 3087 Miror,
832 3027 875 3090 qni
888 3025 1001 3075 Fabrnns
1012 3027 1101 3075 dehac
1113 3027 1176 3076 lect.

65 3094 192 3144 dubitare
202 3094 326 3157 potuerit.
343 3093 418 3143 Brut.
453 3092 505 3140 Pro
520 3092 615 3154 Verum,
631 3094 704 3141 Bem.
716 3092 804 3149 habet,
819 3091 892 3141 Vero:
910 3106 967 3154 qnae
980 3105 1030 3139 vox
1047 3096 1088 3140 est
1107 3105 1176 3140 asse-

64 3158 196 3218 verantis,
220 3165 248 3208 et
269 3160 295 3207 in
318 3158 449 3221 principio
471 3157 596 3205 orationis
617 3158 720 3218 ponitur
743 3157 775 3205 ab
794 3157 977 3219 respondente.
1004 3156 1049 3205 Fu.
1083 3154 1176 3204 Nostri

65 3237 160 3273 omnes
176 3223 272 3282 Verum,
288 3230 315 3272 et
325 3228 406 3271 recte.
424 3223 498 3271 Bent.
534 3221 702 3270 GestirePar.
722 3221 788 3269 Peri.
822 3219 863 3268 ΑΙ.
877 3221 942 3268 Mas.
956 3227 983 3269 et
995 3220 1055 3268 edd.
1070 3219 1177 3281 Gestire,

65 3288 148 3337 male.
175 3285 233 3350 Bip.
268 3286 387 3336 Gesture?
404 3293 431 3337 et
454 3286 540 3335 Verum
564 3286 625 3334 dant
643 3287 689 3334 Br.
708 3285 787 3334 Both.
822 3284 923 3333 Gestare
944 3292 972 3334 et
995 3285 1083 3334 Verum
1104 3284 1178 3335 Perl.

69 3351 213 3402 &enum
223 3366 291 3401 suum
300 3348 389 3400 Guelf.
401 3353 491 3399 2.-13
504 3349 585 3398 Satius
596 3357 638 3398 est
650 3350 673 3397 in
686 3351 751 3405 Mas.
763 3355 790 3397 et
802 3349 877 3398 editis
891 3349 1086 3411 probatissimis,
1097 3351 1177 3399 etiam

65 3416 131 3466 anni
145 3419 216 3465 tros.
229 3417 315 3479 itaque
326 3413 431 3476 flagitat
442 3422 561 3464 metrum.
596 3412 647 3462 Alii
658 3420 745 3462 tamen
765 3429 823 3463 cum
835 3414 940 3462 Donato
959 3415 1058 3462 satietas
1078 3416 1177 3481 legunt.

69 3474 154 3531 West.
188 3479 294 3529 Sutietas
305 3482 351 3529 Bu.
364 3479 395 3528 Z.
407 3481 486 3528 Bent.
497 3479 557 3541 Rip.
568 3480 647 3528 Both.
667 3480 738 3528 Peri.
774 3479 812 3535 Et
824 3479 922 3526 condita
941 3479 1053 3528 Bn—ll
1070 3478 1098 3527 Si
1116 3479 1178 3541 quad

65 3543 147 3594 earm
157 3543 214 3594 ΕΡ.
234 3545 308 3594 West.
341 3543 370 3593 st
381 3544 459 3592 odium
470 3546 561 3607 quando
571 3543 725 3593 Bulla-15.
739 3547 770 3592 16
788 3543 843 3591 Hos
856 3543 929 3591 binos
941 3558 1029 3592 versus
1047 3541 1177 3591 facessere

58 3608 146 3674 jubet
156 3608 287 3672 Gnyetus,
305 3615 396 3671 utpote
406 3609 528 3657 Terentio
539 3607 665 3672 indignos.
698 3607 750 3656 Sed
762 3613 790 3656 et
802 3615 863 3669 apte
881 3607 1023 3669 saltarent,
1040 3612 1067 3655 et
1083 3607 1177 3656 Latine

66 3671 138 3723 dteti
156 3680 225 3734 sunt,
241 3679 269 3721 et
287 3672 422 3722 firmantur
438 3673 596 3721 auctoritate
614 3673 681 3721 Mas.
698 3679 726 3722 et
743 3672 847 3721 Donati.
866 3672 938 3720 West.
971 3671 1119 3731 Interrogat
1130 3669 1176 3721 Bt.

66 3735 490 3802 post‘Tenes.'—17Adbibebct
512 3736 546 3787 G.
567 3738 620 3786 ET.
640 3736 703 3785 EM.
730 3736 871 3785 treet-m
896 3737 966 3799 Lege
988 3741 1016 3784 et
1037 3733 1177 3798 distingne,

570 3878 679 3930 NOTAE

104 3984 137 4031 12
149 3978 245 4027 Gestire
256 3977 383 4042 [Gestcre]
399 3978 463 4040 Pro,
476 3975 603 4042 gestabat.
677 3979 710 4026 16
728 3975 804 4032 Quasi
814 3975 855 4024 ubi
865 3975 931 4024 idum
944 3979 1067 4038 exspueret
1083 3974 1176 4038 miseris

69 4056 194 4106 Muretus
207 4054 258 4103 ait:
277 4055 348 4103 Male
364 4055 390 4103 in
401 4054 527 4109 nonnullis
540 4053 604 4117 legi·
644 4051 694 4114 cm]
711 4050 880 4112 ‘Miseriam,’
893 4050 919 4100 id
930 4056 980 4107 ert.
991 4049 1134 4102 fastidium.

71 4143 117 4185 tur
132 4131 239 4182 Gesta.
