2678 4702
193 275 260 342 416
569 287 601 335 r.
624 285 807 336 runnurrr
831 283 920 336 sum

197 432 283 496 Dies
298 435 479 510 noctesque
494 447 547 490 me
563 447 675 494 ames:
700 450 753 493 me
770 428 960 493 dosideres:

196 534 255 598 Me
270 531 435 595 somnies:
459 547 513 590 me
528 537 705 610 expectes:
729 530 772 594 de
787 549 840 593 mo
856 530 1000 610 cogites:
1287 596 1289 601 s

197 633 257 698 Me
274 649 410 713 speres:
433 647 487 690 me
503 636 537 691 te
549 629 714 693 oblectes:
737 650 867 693 mecum
885 635 955 692 tota
969 630 1040 691 sis:
1229 629 1281 692 115

197 733 296 798 Meus
310 730 365 794 fac
379 729 427 792 sis
442 737 611 812 postremo
629 731 771 806 animus,
789 729 925 812 quando
941 748 1005 809 ego
1023 748 1100 791 sum
1117 737 1203 793 tuus.

197 834 266 898 ΤΗ.
290 830 349 894 Me
364 829 540 894 miseram!
564 831 706 895 forsitan
721 832 777 895 hio
793 832 873 894 mihi
887 849 1026 913 parvam
1042 831 1167 894 habeat
1186 829 1280 905 fidem,

195 932 309 1016 Atque
325 952 370 995 ex
385 932 524 995 aliarum
539 933 679 1013 ingeniis
694 952 781 995 nunc
797 953 849 996 me
861 932 1003 1014 judicet.

197 1032 270 1114 Ego
285 1033 353 1116 pol,
368 1051 443 1114 quoe
455 1032 536 1094 mihi
549 1051 624 1094 sum
639 1033 790 1109 conscia,
804 1033 869 1096 hoc
885 1039 979 1095 certo
992 1033 1079 1108 scio,

199 1133 320 1215 Neque
334 1151 387 1196 me
403 1132 543 1195 finxisse
557 1131 637 1195 falsi
650 1133 840 1215 quicquam,
858 1153 965 1215 neque
980 1154 1057 1197 meo
1228 1129 1280 1193 120

199 1233 301 1298 Cordi
317 1252 393 1297 esse
408 1251 599 1315 quenquam
614 1233 774 1296 cariorem
790 1233 854 1296 hoo
871 1232 1045 1296 Phaedria·

199 1335 254 1413 Et,
267 1333 424 1417 quioquid
436 1332 534 1415 hujus
550 1332 627 1408 feci,
640 1352 744 1396 causa
758 1331 909 1414 Virginis

200 1437 298 1501 Feci:
321 1455 399 1499 nam
411 1455 463 1499 me
478 1435 551 1516 ejus
568 1454 665 1517 spero
680 1434 813 1498 fratrem
829 1434 1077 1518 propemodum

199 1538 222 1602 J
224 1559 277 1601 am
293 1537 469 1620 reperisse,
486 1535 735 1601 adolescentem
751 1535 837 1602 adeo
852 1536 1019 1599 nobilem:

200 1641 286 1704 Etis
300 1639 401 1703 hodie
417 1644 590 1703 venturum
606 1639 649 1702 ad
662 1659 716 1702 me
733 1640 908 1703 constituit
922 1638 1074 1703 domum.
1235 1639 1284 1702 125

201 1739 392 1804 Concedam
405 1740 481 1803 hinc
497 1741 593 1816 intro,
608 1747 709 1822 atque
723 1741 927 1822 expectabo,
944 1739 1023 1804 dum
1040 1741 1141 1806 venit.

201 1936 325 1996 demones,
333 1951 369 1984 me
379 1936 488 1996 somnies,
499 1950 535 1984 me
546 1941 662 1998 expectes,
672 1937 701 1984 de
717 1951 753 1984 me
761 1937 858 1996 cogites,
868 1952 905 1984 me
912 1951 1001 1999 speres,
1018 1953 1056 1986 me
1065 1943 1090 1987 te
1097 1939 1204 1997 obiectes,
1215 1951 1287 1986 mecum

202 2005 253 2049 tota
262 2002 296 2049 sis
293 2002 322 2124 j
323 2001 401 2049 asiaco
403 2001 429 2062 )‚
439 2015 490 2048 mea
494 2001 540 2057 sac
549 2001 583 2047 sis
591 2005 708 2062 postremo
719 2000 807 2060 anima,
818 2005 909 2062 quanto
919 2016 963 2060 ego
972 2016 1025 2050 sam
1038 2008 1090 2052 tua.
1114 2005 1167 2052 Tu.
1184 2005 1226 2050 Me
1233 2004 1289 2050 mue·

201 2065 276 2114 scm!
311 2070 361 2113 orte
372 2065 487 2113 Picaria
504 2078 590 2125 parem
606 2063 738 2127 mttiflstit,
755 2070 824 2124 utque
835 2080 865 2112 es
875 2066 976 2113 attacum
985 2068 1140 2114 meretricum
1157 2067 1289 2129 isgesiisme

203 2129 316 2178 emutat.
350 2130 404 2189 Ego
419 2143 462 2190 per
478 2128 606 2188 Pottacem‚
616 2141 667 2188 quc
683 2141 772 2175 mecam
790 2129 816 2175 io
826 2129 904 2176 animo
922 2129 996 2176 totius
1007 2130 1042 2177 rei
1058 2133 1185 2180 ceritatem
1194 2131 1289 2191 sciam

202 2198 266 2241 certo
277 2193 325 2240 scio
336 2193 397 2240 sust
407 2192 521 2240 mendacii
539 2206 575 2239 me
593 2192 748 2251 excogitasse,
767 2206 840 2253 :reque
856 2206 892 2239 me
902 2207 1031 2254 quenquam
1046 2195 1291 2254 vehementissume,

203 2271 274 2317 quam
283 2257 345 2303 tusc
354 2255 510 2303 Phaedriam:
526 2260 550 2302 et
561 2255 672 2316 quicquid
681 2255 750 2314 tata
760 2255 795 2302 rei
806 2255 866 2314 feci,
877 2258 955 2318 (quod
965 2271 1018 2304 eum
1028 2260 1119 2306 exstasi
1124 2258 1221 2320 foraq)
1234 2272 1290 2320 prop·

203 2324 242 2366 ter
251 2321 349 2379 pueliam
360 2319 508 2380 Pomptitam
518 2319 543 2366 id
555 2319 623 2376 sesi:
639 2333 694 2366 nam
703 2333 770 2380 spero
789 2333 825 2366 me
842 2320 911 2380 hujus
924 2320 1039 2382 fratrem,
1056 2323 1223 2372 adolescentem
1237 2322 1291 2370 sate

204 2382 312 2441 mittem
321 2383 446 2444 percejum
456 2383 581 2444 invertisse,
601 2387 625 2431 et
642 2382 664 2429 is
674 2382 797 2430 constituit
815 2397 840 2431 se
849 2390 975 2432 uenturum
992 2387 1025 2434 ati
1034 2401 1073 2434 me
1093 2389 1119 2434 io
1129 2390 1222 2436 domum
1231 2399 1292 2434 meam

204 2447 316 2496 Mierm
330 2449 384 2496 die:
401 2447 439 2495 tric
450 2447 527 2508 igiter
537 2449 593 2495 dum
604 2448 683 2495 vestm
694 2447 828 2509 expectabo.

664 2589 845 2617 eno'enmu

207 2709 306 2760 numeri
318 2707 437 2757 meliores
448 2707 523 2770 fiunt,
536 2710 621 2757 Noctes
631 2711 731 2774 diesque.
749 2711 837 2776 Atque
848 2713 897 2760 hoc
912 2711 1085 2775 frequentias.
1103 2716 1179 2764 Bent.
1196 2717 1293 2763 Tanton

206 2787 278 2825 certe
289 2780 401 2833 constat,
419 2774 487 2836 apud
497 2772 603 2824 Judaeos
615 2778 705 2838 sotum,
719 2777 831 2825 noctium
845 2779 915 2825 vices
927 2785 987 2824 ante
999 2777 1056 2825 dies
1068 2781 1226 2842 computari,
1236 2778 1294 2842 apud
1327 2820 1329 2841 ÷

206 2840 269 2889 elias
290 2846 381 2900 gentes
400 2839 491 2887 nriuus.
508 2838 654 2888 Pet-11⁵
674 2841 705 2888 to
721 2856 757 2889 me
770 2841 808 2888 M.
838 2841 915 2889 West.
945 2841 972 2891 J.
991 2848 1019 2888 et
1041 2842 1077 2890 V.
1095 2844 1125 2907 [i.
1148 2858 1171 2892 e.
1192 2844 1294 2891 Venetas
1327 2852 1329 2861 ·

207 2902 311 2964 codem]
327 2903 450 2964 praemitt.
468 2903 506 2950 De
517 2918 527 2958 ,¹
543 2909 572 2950 ut
589 2903 631 2962 sit,
651 2904 738 2952 Deme
756 2918 843 2965 speres,
859 2907 888 2952 de
906 2920 951 2965 me,
970 2907 1011 2966 isc.
1045 2907 1111 2954 Var.
1125 2908 1191 2955 ordo
1207 2910 1294 2955 verbor.

208 2969 358 3018 Pera-116
372 2968 428 3015 Mea
440 2966 485 3025 fac
496 2967 528 3014 sis
536 2971 654 3028 postrema
671 2969 746 3015 omnis
763 2969 921 3016 Burin—lii
939 2969 1029 3016 Parum
1038 2969 1110 3030 Gay.
1121 2972 1192 3033 quod
1205 2979 1230 3019 et
1239 2973 1294 3020 Gru·

210 3041 281 3082 terne
293 3029 410 3079 defendit
422 3031 453 3079 ad
466 3031 553 3080 Piaut.
573 3032 699 3078 Menaech.
716 3032 787 3080 Prot.
800 3037 840 3080 16.
861 3032 935 3081 West.
969 3033 1043 3080 vett.
1066 3035 1134 3082 Edd.
1148 3036 1253 3093 fatuitas
1266 3036 1296 3081 tic

208 3095 400 3160 paroamhateat
416 3095 562 3159 raitifirtem.
597 3095 677 3156 Lege,
690 3094 883 3157 forsasparsam
894 3096 1139 3160 tabeatmittifidem.
1156 3101 1232 3148 Beni.
1260 3100 1296 3146 Se·

208 3159 378 3224 quiturPeri.
412 3159 504 3207 Forsan
516 3173 614 3221 paruum
624 3161 658 3207 mi
668 3159 753 3207 iubeat
764 3161 802 3208 iic
809 3160 888 3224 fidem
897 3160 943 3208 dat
954 3161 1031 3208 Bou.
1068 3162 1154 3211 Habet
1169 3165 1296 3226 Rip-reu

210 3226 248 3273 M.
258 3229 286 3271 et
296 3222 355 3270 edd:
367 3222 484 3286 quadam
498 3232 610 3280 veteres,
622 3223 798 3284 quicquidfecs',
809 3224 879 3284 injus
889 3238 959 3272 causa
970 3224 1074 3284 rirgiais
1081 3225 1144 3285 jeci.
1179 3229 1260 3276 Minus
1270 3241 1296 3274 er

211 3289 279 3352 stylo
292 3287 419 3335 Terentii.
441 3287 600 3336 Μαι-125
617 3288 681 3335 Tres
698 3302 730 3335 ex
749 3289 842 3336 nostris
860 3302 918 3335 cum
932 3295 996 3337 vett.
1014 3288 1084 3336 Edd.
1100 3297 1225 3340 uenturam
1239 3306 1260 3340 se
1273 3292 1297 3338 at

211 3367 255 3400 me.
289 3352 367 3412 Lege,
388 3351 420 3398 Et
438 3351 460 3396 is
480 3366 505 3398 se
524 3353 592 3400 hodie
609 3357 732 3400 venturum
758 3354 789 3400 art
815 3367 851 3399 me
877 3357 951 3401 const.
968 3354 993 3399 d.
1011 3353 1091 3402 Bent.
1116 3355 1173 3402 ‘Et
1192 3356 1297 3419 rejiciant

212 3415 289 3462 Both.
300 3422 329 3461 et
340 3415 400 3474 Bip.
414 3414 444 3461 sd
459 3428 559 3462 versum
571 3419 627 3462 124.
651 3415 683 3463 Se
694 3422 753 3478 post
768 3418 776 3444 ⁸
790 3414 884 3464 const!
895 3416 972 3464 habet
984 3415 1074 3466 Guetf.
1089 3422 1113 3466 1.
1126 3428 1156 3466 et
1166 3424 1191 3468 2.
1202 3421 1296 3469 datust

213 3477 430 3542 protestis-126
446 3477 474 3528 J.
491 3487 518 3527 et
534 3480 567 3529 V.
585 3480 613 3542 [i.
627 3494 650 3528 e.
662 3480 729 3530 Vsu.
741 3479 907 3542 cod.]oeaict.
941 3481 1002 3530 Non
1014 3482 1153 3543 probatur.
1172 3484 1235 3534 Peri.
1327 3482 1329 3551 i
