2678 4702
368 330 548 386 retinuerisx
564 336 647 384 scr.
664 336 714 384 ιν.
737 335 791 386 so.
814 336 865 382 rv.
1095 318 1162 384 485

58 483 188 548 Verum
207 484 225 546 i·
246 478 407 547 Vidistin'
434 481 570 543 fratrem
600 476 801 543 Chaereamt
847 478 915 543 Do.
952 476 1043 542 Non.
1089 479 1161 545 Pr.

191 581 272 647 Non
287 587 401 667 potest
416 582 488 645 sine

57 687 157 751 Maio
171 685 279 764 soteri,
294 685 413 749 video:
429 702 569 766 sequere
582 683 666 746 huc:
681 682 781 746 modo
797 684 856 757 uit,
872 683 972 747 modo
987 687 1095 764 negat.

57 788 131 854 Ora
153 808 217 852 me.
271 788 339 852 Do.
367 785 515 851 Obsecro
545 791 578 849 te
605 804 695 864 vero,
723 784 891 849 Phaedria.
937 784 1006 849 Pu.
1030 784 1048 850 1
1076 786 1188 854 intro.

169 890 353 974 nunejum.
398 890 467 954 Do.
490 889 546 967 Oi,
562 889 603 954 ei.

57 991 131 1058 ΡΗ.
155 991 235 1056 Alio
250 997 352 1075 pacto
363 992 507 1056 >honeste
522 990 693 1074 quomodo
708 990 785 1054 hinc
801 991 918 1054 abeam
930 991 1057 1055 nescio.

57 1093 186 1158 Actum
199 1101 261 1172 est,
270 1092 434 1177 siquidem
448 1100 485 1157 tn
497 1113 549 1156 me
558 1092 612 1155 hic
623 1091 1106 1170 etiam,uebulo,ludificabere.
1116 1095 1162 1158 50

57 1196 131 1260 ΡΥ.
154 1195 372 1268 Parmenonis
400 1201 468 1260 tem
492 1196 565 1261 scio
587 1215 664 1259 esse
687 1194 774 1259 hanc
796 1195 958 1271 technam,
979 1214 1081 1279 quem
1106 1208 1161 1261 me

192 1317 314 1362 vivere.

58 1399 157 1464 Dore.
180 1399 239 1463 Sic
254 1403 315 1463 est.
360 1397 431 1463 ΡΥ.
453 1397 626 1463 Inveniam
653 1397 710 1482 pol
733 1395 844 1475 bodie,
870 1417 983 1481 parem
1005 1398 1064 1463 ubi
1079 1399 1130 1464 rei
1146 1435 1161 1449 ·

188 1519 258 1564 ram
274 1502 426 1583 gratiam.
991 1573 994 1576 ,

57 1603 129 1668 Sed
155 1621 254 1682 nunc,
282 1603 362 1686 quid
392 1603 581 1669 faciendum
612 1623 744 1682 censes,
776 1602 931 1666 Dorius't
978 1604 1075 1669 Dore.
1106 1604 1161 1670 De

189 1705 277 1770 istuc
297 1725 395 1789 rogas

56 1899 146 1954 negato
155 1894 354 1954 rursumrjubeo.
394 1893 619 1956 Vidistinefrntrern
632 1897 769 1946 ctoereamr
796 1898 852 1948 Do.
872 1897 998 1947 Nencidi.
1032 1895 1087 1945 Pru.
1106 1896 1163 1944 Non

54 1963 136 2020 potest
147 1960 197 2008 sinc
208 1960 464 2009 tormentisceritelem
470 1959 556 2020 soteri.
589 1961 747 2023 Sequerelroc.
771 1963 987 2019 Medonmecenrt5
1004 1963 1163 2021 modonegnt.

60 2022 114 2069 Ora
125 2038 170 2083 me,
181 2029 204 2072 et
215 2039 307 2086 omnen
317 2026 451 2086 deprecere.
485 2025 539 2074 Do.
560 2026 607 2074 Per
616 2026 681 2073 Deos
690 2041 743 2074 cero
759 2026 805 2074 tibi
820 2027 934 2088 supplico,
949 2025 1071 2075 Pnaedria.
1105 2025 1161 2074 Pir.

58 2086 172 2136 Introire.
214 2089 266 2137 Do.
283 2089 403 2149 Hoi‚lrei.
443 2087 498 2137 rer.
517 2090 572 2138 Alio
590 2091 725 2148 monensi
738 2090 991 2152 perduncsntlocinm,
1006 2104 1052 2138 non
1068 2103 1164 2152 possum

57 2165 91 2198 ex
101 2151 522 2217 bncdifficrrttetelrcnesteerodcre:
547 2154 631 2202 etenim
649 2160 790 2212 ectrmest,·
814 2155 900 2203 vilintu
915 2160 950 2202 est
968 2155 1060 2216 virgeo
1072 2155 1162 2213 fratre.

60 2216 98 2262 Tu
111 2231 148 2264 nie
158 2217 198 2264 lic
208 2219 289 2274 etium,
300 2217 413 2277 tenebris,
423 2219 489 2267 ludos
499 2215 596 2276 socies?
629 2219 681 2268 ΡΥ.
699 2219 771 2267 Hunc
782 2219 894 2279 fraudem
898 2219 992 2279 suctum
1005 2233 1055 2268 esee
1071 2232 1086 2264 u
1100 2218 1163 2265 Por·

56 2293 157 2328 menone
168 2285 216 2330 tam
227 2286 291 2330 certo
301 2283 359 2342 scio,
369 2297 438 2345 quem
448 2297 485 2330 me
495 2297 556 2332 nunc
566 2284 652 2333 cicere.
685 2285 759 2332 Dore.
777 2283 875 2332 Sicest.
909 2284 961 2332 ΡΥ.
978 2282 1030 2331 Per
1042 2283 1164 2332 Pollucem

56 2344 179 2393 incenium
197 2347 265 2395 lodie
280 2347 409 2408 rationem,
425 2361 471 2409 qua
498 2348 642 2397 Parmenioni
657 2348 731 2396 ricem
749 2349 853 2396 reddum.
896 2347 944 2396 Sed
968 2363 1038 2405 nunc,
1062 2346 1163 2406 Dorice,

56 2408 319 2471 quidfccererundert
353 2411 423 2462 Dore.
441 2410 481 2460 De
492 2411 539 2461 ulo
555 2412 648 2475 uirgine
659 2427 748 2476 nempe,
765 2411 888 2461 consilium
897 2409 1004 2475 queris?
1037 2412 1091 2462 Pu.
1111 2411 1164 2461 lto:

519 2534 608 2554 ”NH
611 2534 683 2554 “010
686 2533 698 2552 Ι

58 2611 93 2662 Io
115 2611 191 2662 Bem.
213 2618 254 2662 est
276 2613 403 2669 Vidistine,
420 2618 448 2662 et
464 2612 549 2663 ‘sine’
568 2613 686 2678 sequenti
707 2612 791 2661 versui
813 2611 967 2662 ascribitur:
986 2611 1055 2690 qnod
1076 2611 1165 2677 placet

57 2676 132 2725 mihi.
149 2677 192 2727 Fa.
223 2677 268 2727 Sic
280 2677 399 2727 etnostri
407 2678 534 2742 plerique.
551 2679 624 2728 Bent.
656 2679 749 2729 ‘Sine'
768 2678 901 2727 ascribunt
919 2692 1004 2726 versui
1020 2682 1062 2728 4⁷.
1083 2678 1164 2730 Beut.

57 2741 140 2790 Both.
151 2743 287 2791 Peri-rr
305 2743 359 2805 Seq.
370 2757 407 2790 me
417 2743 487 2791 Mur.
499 2742 540 2792 ed.
558 2743 627 2793 Perl.
659 2743 703 2792 Sic
721 2743 780 2805 Bip.
798 2743 971 2805 Belou-48.
982 2747 1015 2792 49
1031 2743 1097 2804 Alto,
1111 2745 1165 2809 dn]

58 2806 144 2854 Deest
162 2806 278 2880 syllaba:
303 2806 371 2855 forte
390 2821 460 2855 nunc.
476 2808 522 2855 Er.
556 2805 666 2868 Iintre]
687 2808 737 2856 Ms.
756 2806 827 2868 Lips.
849 2807 924 2855 intre.
941 2807 1025 2855 West.
1058 2807 1165 2858 lintre'.

60 2871 124 2931 Hei,
140 2870 191 2932 ires]
207 2872 281 2921 Bem.
294 2872 325 2920 In
343 2871 407 2919 intro
425 2886 487 2921 nunc
500 2871 571 2933 jumi
589 2872 631 2929 ot,
649 2871 687 2920 ei:
704 2886 772 2934 quae,
790 2877 819 2918 ut
839 2869 1026 2934 antiquissime,
1043 2869 1082 2919 ita
1103 2885 1164 2922 veru

59 2942 102 2982 est
113 2935 192 2985 lectio
203 2942 231 2984 et
242 2937 328 2984 versui
339 2950 492 2999 congruens.
526 2937 662 2997 luentem,
680 2950 736 2998 pro,
754 2936 818 2984 itne.
837 2936 884 2984 Fa.
918 2935 971 2982 Soli
990 2935 1064 2984 Bere.
1084 2933 1164 2986 debe·¹

59 3007 105 3048 tur
125 2999 190 3048 iliud
211 3015 273 3049 nunc
290 3000 362 3061 jann
380 3001 463 3050 ceteri
482 3014 570 3049 omnes
588 3001 724 3063 abnegant.
758 2999 885 3049 Nimirum
906 3013 922 3046 a
942 2998 1093 3048 correctore
1113 3008 1177 3064 err,

58 3064 138 3113 metri
149 3064 309 3128 aliquantum
321 3064 415 3126 perito.
448 3065 503 3115 Nos
516 3065 613 3129 absque
633 3066 677 3114 illo
695 3064 848 3113 emblemate
871 3063 909 3112 sic
928 3064 1013 3111 locum
1030 3063 1164 3115 constitui·

59 3143 134 3178 mus:
154 3129 205 3177 Or
215 3144 260 3178 me.
296 3129 396 3179 Obsecro
406 3135 430 3179 te
441 3145 504 3192 cero,
516 3129 636 3180 Plroedrio.
671 3129 769 3178 lintre.
803 3127 850 3177 Eoi
860 3128 892 3177 ei'.
923 3127 1164 3191 Alicpuctotloneete

59 3193 378 3256 qucmcdobincodscedcm,
395 3195 480 3244 neoto.
515 3196 531 3243 Ι
540 3197 674 3244 introsum
686 3193 754 3242 Edd.
777 3198 842 3242 vett.
860 3192 940 3241 nostri
959 3206 1058 3242 omnes.
1091 3194 1124 3243 Oi
1141 3195 1164 3244 ri

59 3257 182 3320 plerique
199 3257 312 3307 hubent:
338 3274 404 3307 unns
424 3266 492 3308 notae
510 3259 627 3321 optimae,
641 3256 915 3319 nuucAcademirus,
939 3256 1026 3316 Ecr'ei5
1047 3271 1113 3309 uuus
1131 3275 1164 3309 ex

60 3321 152 3385 Regiis
160 3323 221 3372 Eooi
231 3323 279 3373 lrei.
311 3323 357 3372 Pr.
371 3339 397 3387 p.
410 3328 481 3372 1012.
502 3323 535 3372 de
554 3322 782 3386 Interjectionibns
804 3337 893 3384 egens,
908 3321 1062 3370 ‘Terentius
1073 3323 1099 3371 iu
1111 3323 1163 3374 Eu·

59 3387 156 3446 nuche,
173 3386 225 3436 Hei
236 3386 295 3437 hei!
327 3387 370 3436 Sic
382 3387 465 3437 edidit
476 3388 635 3447 Pntschius3
652 3388 698 3436 sed
709 3387 792 3435 codex
806 3387 957 3435 veterrimus
972 3386 1005 3435 Oi
1016 3386 1046 3436 ei.
1080 3388 1163 3440 Porro

59 3453 176 3499 inversu
187 3451 269 3500 altero
281 3466 328 3516 pro
347 3453 429 3502 obeam
447 3467 546 3514 repono
564 3453 700 3511 disemum,-
717 3450 787 3516 qnod
804 3452 922 3515 apprime
939 3451 1071 3502 convenit.
1087 3454 1162 3504 Bent.

58 3514 100 3564 In'
111 3515 189 3564 introi
203 3524 231 3565 et
242 3518 354 3578 quomodo
363 3516 462 3566 obierim
472 3517 527 3567 hinc
539 3533 590 3580 ego,
601 3519 677 3566 nescio
689 3518 767 3566 Botb.
801 3516 842 3565 I’n
856 3517 920 3566 iutro
939 3533 1000 3566 nunc
1013 3515 1086 3580 jum?
1101 3519 1161 3582 Bip.

59 3581 77 3629 Ι
87 3577 224 3642 intro.'Oi,
235 3584 275 3644 dre.
293 3580 366 3630 Peri.
398 3582 651 3642 ln'r‘ntronuncjum?
669 3582 700 3631 Z.
734 3581 793 3642 Hei,
808 3581 886 3631 belet
903 3582 1012 3644 quonrcdo
1032 3582 1087 3631 irinc
1102 3597 1164 3633 nunc

60 3645 226 3708 Deion-5⁰
243 3644 321 3694 Varie
340 3647 395 3694 beo
417 3645 621 3710 distinguuntur.
656 3647 735 3695 Nulla
760 3646 932 3709 interrogatio
952 3659 1009 3694 esse
1029 3645 1056 3692 in
1076 3646 1162 3696 verbis

60 3709 175 3759 videtur.
195 3711 269 3759 West.
303 3710 391 3759 Actum
402 3716 446 3773 eet,
461 3711 585 3775 siquidem.
605 3716 641 3768 tu,
657 3711 709 3774 isc]
728 3711 772 3759 Nil
794 3711 908 3774 sapiunt,
925 3711 968 3773 qni
989 3710 1066 3758 aliter
1083 3710 1163 3760 inter·

60 3774 299 3836 pungunt-nescio.
324 3778 411 3824 Actum
419 3781 465 3837 est,
480 3777 593 3838 siquidem
604 3781 630 3823 tu
642 3791 686 3823 me.
718 3776 843 3824 Putemus
854 3774 943 3823 dicere
954 3773 1066 3822 voluisse
1076 3774 1173 3826 Acium·

59 3838 106 3900 est,
122 3837 240 3900 siquidem
301 3839 400 3889 int.hic
412 3854 476 3888 vera
489 3840 563 3890 dixit.
595 3839 656 3898 Sed,
673 3840 785 3899 abrrrpto
805 3853 932 3900 sermone,
948 3838 1071 3887 inclamat
1088 3840 1164 3890 miss·

60 3918 119 3953 rum
132 3903 200 3952 Eun.
217 3903 275 3966 Rip.
307 3904 575 3966 Actumesteiquidem:
591 3910 618 3953 tu
637 3904 716 3955 Bent.
729 3905 760 3953 Z.
773 3904 932 3966 Delon—52
948 3903 1073 3951 Inventum
1095 3904 1164 3956 lodis

57 3967 194 4032 peremubi
203 3967 297 4030 potres.
307 3970 424 4032 pumen]
440 3969 471 4017 Iu
481 3970 555 4018 Bem.
567 3976 593 4017 et
606 3970 722 4018 omuibus
739 3967 794 4016 fere
811 3969 828 4017 l.
845 3982 864 4017 s.
886 3967 959 4031 ‘pol'
978 3973 1041 4016 aute
1056 3968 1165 4020 ‘bodie’
1212 3989 1217 3996 ·

59 4033 219 4082 collocutum
231 4039 288 4082 est:
306 4049 358 4098 qua
368 4034 539 4083 collocutione
550 4034 705 4096 trochaicus,
715 4032 811 4093 alioqui
822 4030 981 4093 claudimus,
993 4039 1163 4084 sustentetur.

59 4096 108 4147 ra.
143 4097 237 4147 Nostri
245 4111 447 4161 quoqueomues
456 4099 582 4164 pctlsodie.
599 4100 743 4148 Bene-53
759 4097 813 4146 Me.
825 4097 896 4161 Lips.
913 4102 942 4146 et
958 4097 1014 4146 ΕΡ.
1025 4095 1164 4158 sueiendum

59 4163 154 4213 medes.
188 4160 265 4213 Idem
282 4163 382 4214 Parcus
400 4163 464 4215 citet
483 4178 515 4215 ex
533 4163 632 4214 dnobus
652 4163 720 4214 Pell.
740 4168 768 4211 et
786 4161 872 4212 Puris.
892 4161 967 4212 Wect.
1002 4162 1164 4214 Cmreerett.
