<?xml version="1.0" encoding="UTF-8"?>
<!DOCTYPE html PUBLIC "-//W3C//DTD XHTML 1.0 Transitional//EN"
    "http://www.w3.org/TR/xhtml1/DTD/xhtml1-transitional.dtd">
<html xmlns="http://www.w3.org/1999/xhtml" xml:lang="en" lang="en">
 <head>
  <title>
</title>
<meta http-equiv="Content-Type" content="text/html;charset=utf-8" />
  <meta name='ocr-system' content='tesseract 3.04.00' />
  <meta name='ocr-capabilities' content='ocr_page ocr_carea ocr_par ocr_line ocrx_word'/>
</head>
<body>
  <div class='ocr_page' id='page_1' title='image "./comoedisex03westgoog_0284.png"; bbox 0 0 2678 4702; ppageno 0'>
   <div class='ocr_carea' id='block_1_1' title="bbox 537 291 1210 359">
    <p class='ocr_par' dir='ltr' id='par_1_1' title="bbox 537 291 1210 359">
     <span class='ocr_line' id='line_1_1' title="bbox 537 291 1210 359; baseline 0.01 -8"><span class='ocrx_word' id='word_1_1' title='bbox 537 302 791 359; x_wconf 71' lang='lat' dir='ltr'>succursus.</span> <span class='ocrx_word' id='word_1_2' title='bbox 1145 291 1210 358; x_wconf 78' lang='lat'>271</span> 
     </span>
    </p>
   </div>
   <div class='ocr_carea' id='block_1_2' title="bbox 97 443 1305 2664">
    <p class='ocr_par' dir='ltr' id='par_1_2' title="bbox 97 443 1305 2664">
     <span class='ocr_line' id='line_1_2' title="bbox 109 443 1211 510; baseline 0.003 -17"><span class='ocrx_word' id='word_1_3' title='bbox 109 455 117 477; x_wconf 86' lang='lat'>··</span> <span class='ocrx_word' id='word_1_4' title='bbox 141 448 207 493; x_wconf 85' lang='lat' dir='ltr'>cant</span> <span class='ocrx_word' id='word_1_5' title='bbox 217 443 251 493; x_wconf 86' lang='lat' dir='ltr'>de</span> <span class='ocrx_word' id='word_1_6' title='bbox 269 449 364 494; x_wconf 81' lang='lat' dir='ltr'>rerum.</span> <span class='ocrx_word' id='word_1_7' title='bbox 374 457 410 494; x_wconf 86' lang='lat' dir='ltr'>ac</span> <span class='ocrx_word' id='word_1_8' title='bbox 421 449 567 508; x_wconf 88' lang='lat' dir='ltr'>temporum</span> <span class='ocrx_word' id='word_1_9' title='bbox 585 445 739 509; x_wconf 84' lang='lat' dir='ltr'>quantitate.</span> <span class='ocrx_word' id='word_1_10' title='bbox 772 445 839 495; x_wconf 85' lang='lat' dir='ltr'>Post</span> <span class='ocrx_word' id='word_1_11' title='bbox 849 445 919 495; x_wconf 83' lang='lat' dir='ltr'>euim</span> <span class='ocrx_word' id='word_1_12' title='bbox 933 444 998 509; x_wconf 81' lang='lat' dir='ltr'>heri,</span> <span class='ocrx_word' id='word_1_13' title='bbox 1010 449 1039 495; x_wconf 89' lang='lat' dir='ltr'>ut</span> <span class='ocrx_word' id='word_1_14' title='bbox 1050 452 1079 496; x_wconf 90' lang='lat' dir='ltr'>et</span> <span class='ocrx_word' id='word_1_15' title='bbox 1096 445 1211 510; x_wconf 85' lang='lat' dir='ltr'>ingressa</span> 
     </span>
     <span class='ocr_line' id='line_1_3' title="bbox 141 523 1212 589; baseline 0.006 -17"><span class='ocrx_word' id='word_1_16' title='bbox 141 523 179 572; x_wconf 88' lang='lat' dir='ltr'>ait</span> <span class='ocrx_word' id='word_1_17' title='bbox 196 538 227 574; x_wconf 86' lang='lat' dir='ltr'>uo</span> <span class='ocrx_word' id='word_1_18' title='bbox 244 538 358 588; x_wconf 82' lang='lat' dir='ltr'>egressa,</span> <span class='ocrx_word' id='word_1_19' title='bbox 367 539 443 589; x_wconf 81' lang='lat' dir='ltr'>quum</span> <span class='ocrx_word' id='word_1_20' title='bbox 455 539 535 588; x_wconf 85' lang='lat' dir='ltr'>prurs</span> <span class='ocrx_word' id='word_1_21' title='bbox 546 525 674 575; x_wconf 84' lang='lat' dir='ltr'>credimus</span> <span class='ocrx_word' id='word_1_22' title='bbox 686 524 720 575; x_wconf 86' lang='lat' dir='ltr'>de</span> <span class='ocrx_word' id='word_1_23' title='bbox 734 524 871 589; x_wconf 82' lang='lat' dir='ltr'>proscenio</span> <span class='ocrx_word' id='word_1_24' title='bbox 887 539 938 576; x_wconf 89' lang='lat' dir='ltr'>uun</span> <span class='ocrx_word' id='word_1_25' title='bbox 949 525 1097 576; x_wconf 73' lang='lat' dir='ltr'>recessisse.</span> <span class='ocrx_word' id='word_1_26' title='bbox 1129 525 1212 578; x_wconf 87' lang='lat' dir='ltr'>Posse</span> 
     </span>
     <span class='ocr_line' id='line_1_4' title="bbox 139 603 1211 670; baseline 0.004 -17"><span class='ocrx_word' id='word_1_27' title='bbox 139 610 231 665; x_wconf 85' lang='lat' dir='ltr'>autem</span> <span class='ocrx_word' id='word_1_28' title='bbox 243 605 334 668; x_wconf 89' lang='lat' dir='ltr'>quinto</span> <span class='ocrx_word' id='word_1_29' title='bbox 345 605 433 669; x_wconf 87' lang='lat' dir='ltr'>egredi</span> <span class='ocrx_word' id='word_1_30' title='bbox 445 619 591 669; x_wconf 74' lang='lat' dir='ltr'>personam,</span> <span class='ocrx_word' id='word_1_31' title='bbox 600 616 650 654; x_wconf 88' lang='lat' dir='ltr'>non</span> <span class='ocrx_word' id='word_1_32' title='bbox 667 610 695 654; x_wconf 90' lang='lat' dir='ltr'>et</span> <span class='ocrx_word' id='word_1_33' title='bbox 706 618 814 654; x_wconf 86' lang='lat' dir='ltr'>necesse</span> <span class='ocrx_word' id='word_1_34' title='bbox 830 619 886 655; x_wconf 89' lang='lat' dir='ltr'>esse</span> <span class='ocrx_word' id='word_1_35' title='bbox 903 603 1028 656; x_wconf 79' lang='lat' dir='ltr'>dicimus:</span> <span class='ocrx_word' id='word_1_36' title='bbox 1046 611 1075 656; x_wconf 95' lang='lat' dir='ltr'>ut</span> <span class='ocrx_word' id='word_1_37' title='bbox 1085 614 1211 670; x_wconf 76' lang='lat' dir='ltr'>appareat</span> 
     </span>
     <span class='ocr_line' id='line_1_5' title="bbox 139 684 1212 750; baseline 0.003 -17"><span class='ocrx_word' id='word_1_38' title='bbox 139 684 214 735; x_wconf 86' lang='lat' dir='ltr'>ultra</span> <span class='ocrx_word' id='word_1_39' title='bbox 224 686 299 734; x_wconf 84' lang='lat' dir='ltr'>exire</span> <span class='ocrx_word' id='word_1_40' title='bbox 310 699 362 736; x_wconf 86' lang='lat' dir='ltr'>uon</span> <span class='ocrx_word' id='word_1_41' title='bbox 373 699 459 750; x_wconf 86' lang='lat' dir='ltr'>posse.</span> <span class='ocrx_word' id='word_1_42' title='bbox 490 685 523 734; x_wconf 90' lang='lat' dir='ltr'>Iu</span> <span class='ocrx_word' id='word_1_43' title='bbox 534 684 671 749; x_wconf 80' lang='lat' dir='ltr'>Tragoedia</span> <span class='ocrx_word' id='word_1_44' title='bbox 681 692 709 734; x_wconf 88' lang='lat' dir='ltr'>et</span> <span class='ocrx_word' id='word_1_45' title='bbox 721 686 824 748; x_wconf 83' lang='lat' dir='ltr'>parcius</span> <span class='ocrx_word' id='word_1_46' title='bbox 836 684 918 746; x_wconf 84' lang='lat' dir='ltr'>exire,</span> <span class='ocrx_word' id='word_1_47' title='bbox 928 691 956 735; x_wconf 90' lang='lat' dir='ltr'>et</span> <span class='ocrx_word' id='word_1_48' title='bbox 968 687 1053 737; x_wconf 88' lang='lat' dir='ltr'>solers</span> <span class='ocrx_word' id='word_1_49' title='bbox 1067 687 1175 750; x_wconf 87' lang='lat' dir='ltr'>pariter,</span> <span class='ocrx_word' id='word_1_50' title='bbox 1183 693 1212 738; x_wconf 89' lang='grc' dir='ltr'>ιι</span> 
     </span>
     <span class='ocr_line' id='line_1_6' title="bbox 138 763 1212 830; baseline 0.004 -18"><span class='ocrx_word' id='word_1_51' title='bbox 138 764 235 815; x_wconf 85' lang='lat' dir='ltr'>licere.</span> <span class='ocrx_word' id='word_1_52' title='bbox 269 765 373 816; x_wconf 82' lang='lat' dir='ltr'>Primus</span> <span class='ocrx_word' id='word_1_53' title='bbox 389 765 473 816; x_wconf 80' lang='lat' dir='ltr'>Actus</span> <span class='ocrx_word' id='word_1_54' title='bbox 493 766 520 814; x_wconf 90' lang='lat' dir='ltr'>iu</span> <span class='ocrx_word' id='word_1_55' title='bbox 530 763 630 816; x_wconf 77' lang='lat' dir='ltr'>Andria</span> <span class='ocrx_word' id='word_1_56' title='bbox 641 765 817 815; x_wconf 78' lang='lat' dir='ltr'>narrationem</span> <span class='ocrx_word' id='word_1_57' title='bbox 828 766 938 817; x_wconf 83' lang='lat' dir='ltr'>Simonis</span> <span class='ocrx_word' id='word_1_58' title='bbox 954 765 1022 830; x_wconf 86' lang='lat' dir='ltr'>apud</span> <span class='ocrx_word' id='word_1_59' title='bbox 1040 765 1139 817; x_wconf 83' lang='lat' dir='ltr'>Sosium</span> <span class='ocrx_word' id='word_1_60' title='bbox 1150 779 1212 818; x_wconf 83' lang='lat' dir='ltr'>eon·</span> 
     </span>
     <span class='ocr_line' id='line_1_7' title="bbox 138 845 1212 913; baseline 0.004 -20"><span class='ocrx_word' id='word_1_61' title='bbox 138 845 212 896; x_wconf 89' lang='lat' dir='ltr'>tinet</span> <span class='ocrx_word' id='word_1_62' title='bbox 227 845 389 910; x_wconf 71' lang='lat' dir='ltr'>argumentis</span> <span class='ocrx_word' id='word_1_63' title='bbox 406 846 476 912; x_wconf 91' lang='lat' dir='ltr'>quod</span> <span class='ocrx_word' id='word_1_64' title='bbox 496 847 606 911; x_wconf 89' lang='lat' dir='ltr'>pupulus</span> <span class='ocrx_word' id='word_1_65' title='bbox 621 845 671 896; x_wconf 84' lang='lat' dir='ltr'>huc</span> <span class='ocrx_word' id='word_1_66' title='bbox 687 847 823 913; x_wconf 65' lang='lat' dir='ltr'>pensione</span> <span class='ocrx_word' id='word_1_67' title='bbox 840 847 984 912; x_wconf 85' lang='lat' dir='ltr'>perdiscitr</span> <span class='ocrx_word' id='word_1_68' title='bbox 1000 861 1060 896; x_wconf 87' lang='lat' dir='ltr'>mox</span> <span class='ocrx_word' id='word_1_69' title='bbox 1077 847 1212 912; x_wconf 85' lang='lat' dir='ltr'>querelam</span> 
     </span>
     <span class='ocr_line' id='line_1_8' title="bbox 140 924 1212 992; baseline 0.002 -18"><span class='ocrx_word' id='word_1_70' title='bbox 140 925 215 989; x_wconf 86' lang='lat' dir='ltr'>apud</span> <span class='ocrx_word' id='word_1_71' title='bbox 225 940 254 976; x_wconf 90' lang='lat' dir='ltr'>se</span> <span class='ocrx_word' id='word_1_72' title='bbox 265 927 335 977; x_wconf 97' lang='grc' dir='ltr'>θινὶ</span> <span class='ocrx_word' id='word_1_73' title='bbox 345 924 377 976; x_wconf 87' lang='lat' dir='ltr'>da</span> <span class='ocrx_word' id='word_1_74' title='bbox 390 927 504 989; x_wconf 89' lang='lat' dir='ltr'>domiuo,</span> <span class='ocrx_word' id='word_1_75' title='bbox 513 934 541 978; x_wconf 91' lang='grc' dir='ltr'>ιι</span> <span class='ocrx_word' id='word_1_76' title='bbox 548 927 661 992; x_wconf 86' lang='lat' dir='ltr'>ejusdem</span> <span class='ocrx_word' id='word_1_77' title='bbox 671 942 730 978; x_wconf 88' lang='lat' dir='ltr'>cum</span> <span class='ocrx_word' id='word_1_78' title='bbox 742 929 847 978; x_wconf 90' lang='lat' dir='ltr'>domino</span> <span class='ocrx_word' id='word_1_79' title='bbox 859 928 947 992; x_wconf 86' lang='lat' dir='ltr'>rerba,</span> <span class='ocrx_word' id='word_1_80' title='bbox 958 933 986 978; x_wconf 93' lang='lat' dir='ltr'>et</span> <span class='ocrx_word' id='word_1_81' title='bbox 996 942 1084 978; x_wconf 86' lang='lat' dir='ltr'>rursus</span> <span class='ocrx_word' id='word_1_82' title='bbox 1095 927 1212 991; x_wconf 81' lang='lat' dir='ltr'>ejusdem</span> 
     </span>
     <span class='ocr_line' id='line_1_9' title="bbox 120 1006 1211 1073; baseline 0.003 -19"><span class='ocrx_word' id='word_1_83' title='bbox 120 1007 214 1055; x_wconf 78' lang='grc' dir='ltr'>-ιιινί</span> <span class='ocrx_word' id='word_1_84' title='bbox 225 1006 519 1072; x_wconf 67' lang='lat' dir='ltr'>deliberationemque</span> <span class='ocrx_word' id='word_1_85' title='bbox 536 1023 621 1059; x_wconf 89' lang='lat' dir='ltr'>rerum</span> <span class='ocrx_word' id='word_1_86' title='bbox 639 1015 722 1073; x_wconf 81' lang='lat' dir='ltr'>gerat.</span> <span class='ocrx_word' id='word_1_87' title='bbox 753 1009 866 1061; x_wconf 76' lang='lat' dir='ltr'>Secundi</span> <span class='ocrx_word' id='word_1_88' title='bbox 880 1009 964 1060; x_wconf 84' lang='lat' dir='ltr'>Actus</span> <span class='ocrx_word' id='word_1_89' title='bbox 981 1009 1039 1059; x_wconf 77' lang='lat' dir='ltr'>hec</span> <span class='ocrx_word' id='word_1_90' title='bbox 1050 1015 1127 1058; x_wconf 77' lang='lat' dir='ltr'>suut:</span> <span class='ocrx_word' id='word_1_91' title='bbox 1145 1008 1211 1059; x_wconf 85' lang='lat' dir='ltr'>Chu-</span> 
     </span>
     <span class='ocr_line' id='line_1_10' title="bbox 139 1086 1212 1155; baseline 0.001 -20"><span class='ocrx_word' id='word_1_92' title='bbox 139 1086 194 1136; x_wconf 86' lang='lat' dir='ltr'>riai</span> <span class='ocrx_word' id='word_1_93' title='bbox 202 1087 284 1137; x_wconf 82' lang='lat' dir='ltr'>verba</span> <span class='ocrx_word' id='word_1_94' title='bbox 295 1089 448 1152; x_wconf 82' lang='lat' dir='ltr'>primorum</span> <span class='ocrx_word' id='word_1_95' title='bbox 460 1089 572 1154; x_wconf 89' lang='lat' dir='ltr'>Byrrhia</span> <span class='ocrx_word' id='word_1_96' title='bbox 579 1105 666 1153; x_wconf 83' lang='lat' dir='ltr'>serso,</span> <span class='ocrx_word' id='word_1_97' title='bbox 674 1097 702 1142; x_wconf 91' lang='lat' dir='ltr'>et</span> <span class='ocrx_word' id='word_1_98' title='bbox 713 1099 774 1155; x_wconf 87' lang='lat' dir='ltr'>post</span> <span class='ocrx_word' id='word_1_99' title='bbox 785 1105 844 1141; x_wconf 87' lang='lat' dir='ltr'>eum</span> <span class='ocrx_word' id='word_1_100' title='bbox 853 1090 911 1154; x_wconf 87' lang='lat' dir='ltr'>ipsu</span> <span class='ocrx_word' id='word_1_101' title='bbox 919 1089 1056 1154; x_wconf 90' lang='lat' dir='ltr'>Pamphilu</span> <span class='ocrx_word' id='word_1_102' title='bbox 1067 1089 1102 1139; x_wconf 89' lang='lat' dir='ltr'>do</span> <span class='ocrx_word' id='word_1_103' title='bbox 1112 1088 1212 1151; x_wconf 88' lang='lat' dir='ltr'>nuptiis</span> 
     </span>
     <span class='ocr_line' id='line_1_11' title="bbox 142 1166 1211 1234; baseline 0.006 -20"><span class='ocrx_word' id='word_1_104' title='bbox 142 1166 317 1218; x_wconf 69' lang='lat' dir='ltr'>Philumenes:</span> <span class='ocrx_word' id='word_1_105' title='bbox 335 1170 405 1218; x_wconf 85' lang='lat' dir='ltr'>Davi</span> <span class='ocrx_word' id='word_1_106' title='bbox 416 1171 588 1234; x_wconf 79' lang='lat' dir='ltr'>interventus,</span> <span class='ocrx_word' id='word_1_107' title='bbox 597 1176 625 1221; x_wconf 88' lang='lat' dir='ltr'>et</span> <span class='ocrx_word' id='word_1_108' title='bbox 635 1186 694 1220; x_wconf 82' lang='lat' dir='ltr'>cum</span> <span class='ocrx_word' id='word_1_109' title='bbox 706 1185 737 1221; x_wconf 91' lang='lat' dir='ltr'>eo</span> <span class='ocrx_word' id='word_1_110' title='bbox 749 1170 891 1234; x_wconf 87' lang='lat' dir='ltr'>disputatio</span> <span class='ocrx_word' id='word_1_111' title='bbox 905 1170 940 1220; x_wconf 89' lang='lat' dir='ltr'>do</span> <span class='ocrx_word' id='word_1_112' title='bbox 954 1169 1053 1233; x_wconf 88' lang='lat' dir='ltr'>nuptiis</span> <span class='ocrx_word' id='word_1_113' title='bbox 1064 1170 1211 1233; x_wconf 80' lang='lat' dir='ltr'>Pamphili:</span> 
     </span>
     <span class='ocr_line' id='line_1_12' title="bbox 141 1244 1210 1315; baseline 0.006 -21"><span class='ocrx_word' id='word_1_114' title='bbox 141 1244 277 1310; x_wconf 82' lang='lat' dir='ltr'>Pamphili</span> <span class='ocrx_word' id='word_1_115' title='bbox 288 1262 437 1298; x_wconf 86' lang='lat' dir='ltr'>sermueum</span> <span class='ocrx_word' id='word_1_116' title='bbox 449 1254 533 1313; x_wconf 86' lang='lat' dir='ltr'>patre,</span> <span class='ocrx_word' id='word_1_117' title='bbox 543 1249 602 1300; x_wconf 80' lang='lat' dir='ltr'>ululo</span> <span class='ocrx_word' id='word_1_118' title='bbox 615 1251 801 1300; x_wconf 82' lang='lat' dir='ltr'>eutrseutiautis</span> <span class='ocrx_word' id='word_1_119' title='bbox 811 1251 837 1300; x_wconf 92' lang='lat' dir='ltr'>iu</span> <span class='ocrx_word' id='word_1_120' title='bbox 847 1250 967 1314; x_wconf 89' lang='lat' dir='ltr'>nuptias:</span> <span class='ocrx_word' id='word_1_121' title='bbox 986 1250 1105 1315; x_wconf 80' lang='lat' dir='ltr'>Byrrhire</span> <span class='ocrx_word' id='word_1_122' title='bbox 1116 1249 1210 1300; x_wconf 82' lang='lat' dir='ltr'>verber</span> 
     </span>
     <span class='ocr_line' id='line_1_13' title="bbox 142 1327 1211 1382; baseline 0.006 -8"><span class='ocrx_word' id='word_1_123' title='bbox 142 1327 216 1375; x_wconf 83' lang='lat' dir='ltr'>Davi</span> <span class='ocrx_word' id='word_1_124' title='bbox 234 1327 332 1377; x_wconf 83' lang='lat' dir='ltr'>callida</span> <span class='ocrx_word' id='word_1_125' title='bbox 348 1330 431 1379; x_wconf 89' lang='lat' dir='ltr'>oratio</span> <span class='ocrx_word' id='word_1_126' title='bbox 450 1329 587 1381; x_wconf 85' lang='lat' dir='ltr'>adversum</span> <span class='ocrx_word' id='word_1_127' title='bbox 607 1345 703 1382; x_wconf 75' lang='lat' dir='ltr'>seucum</span> <span class='ocrx_word' id='word_1_128' title='bbox 735 1331 824 1382; x_wconf 83' lang='lat' dir='ltr'>Tertio</span> <span class='ocrx_word' id='word_1_129' title='bbox 843 1331 923 1382; x_wconf 90' lang='lat' dir='ltr'>Actui</span> <span class='ocrx_word' id='word_1_130' title='bbox 939 1332 997 1381; x_wconf 80' lang='lat' dir='ltr'>haec</span> <span class='ocrx_word' id='word_1_131' title='bbox 1015 1330 1211 1381; x_wconf 85' lang='lat' dir='ltr'>attribuuntur:</span> 
     </span>
     <span class='ocr_line' id='line_1_14' title="bbox 122 1403 1212 1477; baseline 0.005 -22"><span class='ocrx_word' id='word_1_132' title='bbox 122 1421 124 1425; x_wconf 76' lang='grc'><strong>’</strong></span> <span class='ocrx_word' id='word_1_133' title='bbox 140 1403 256 1470; x_wconf 81' lang='lat' dir='ltr'>Mysidis</span> <span class='ocrx_word' id='word_1_134' title='bbox 267 1423 325 1458; x_wconf 85' lang='lat' dir='ltr'>cnm</span> <span class='ocrx_word' id='word_1_135' title='bbox 337 1409 480 1461; x_wconf 85' lang='lat' dir='ltr'>obstetrice</span> <span class='ocrx_word' id='word_1_136' title='bbox 490 1407 657 1477; x_wconf 83' lang='lat' dir='ltr'>colloquium,</span> <span class='ocrx_word' id='word_1_137' title='bbox 669 1414 744 1463; x_wconf 84' lang='grc' dir='ltr'>θινο</span> <span class='ocrx_word' id='word_1_138' title='bbox 762 1428 792 1463; x_wconf 89' lang='lat' dir='ltr'>ac</span> <span class='ocrx_word' id='word_1_139' title='bbox 804 1413 908 1464; x_wconf 81' lang='lat' dir='ltr'>Simone</span> <span class='ocrx_word' id='word_1_140' title='bbox 922 1411 1103 1462; x_wconf 82' lang='lat' dir='ltr'>audientibus:</span> <span class='ocrx_word' id='word_1_141' title='bbox 1122 1418 1212 1475; x_wconf 85' lang='lat' dir='ltr'>pertus</span> 
     </span>
     <span class='ocr_line' id='line_1_15' title="bbox 141 1488 1213 1556; baseline 0.003 -18"><span class='ocrx_word' id='word_1_142' title='bbox 141 1488 265 1551; x_wconf 79' lang='lat' dir='ltr'>Glycerii</span> <span class='ocrx_word' id='word_1_143' title='bbox 286 1497 422 1554; x_wconf 86' lang='lat' dir='ltr'>suspectus</span> <span class='ocrx_word' id='word_1_144' title='bbox 440 1491 510 1540; x_wconf 84' lang='lat' dir='ltr'>seni:</span> <span class='ocrx_word' id='word_1_145' title='bbox 532 1497 559 1543; x_wconf 87' lang='lat' dir='ltr'>et</span> <span class='ocrx_word' id='word_1_146' title='bbox 580 1493 647 1542; x_wconf 88' lang='grc' dir='ltr'>θινὶ</span> <span class='ocrx_word' id='word_1_147' title='bbox 669 1493 738 1556; x_wconf 82' lang='lat' dir='ltr'>apud</span> <span class='ocrx_word' id='word_1_148' title='bbox 758 1506 816 1542; x_wconf 88' lang='lat' dir='ltr'>eum</span> <span class='ocrx_word' id='word_1_149' title='bbox 834 1491 1005 1542; x_wconf 81' lang='lat' dir='ltr'>fraudulenta</span> <span class='ocrx_word' id='word_1_150' title='bbox 1023 1490 1213 1541; x_wconf 84' lang='lat' dir='ltr'>sermocinatio.</span> 
     </span>
     <span class='ocr_line' id='line_1_16' title="bbox 97 1569 1212 1636; baseline 0.005 -19"><span class='ocrx_word' id='word_1_151' title='bbox 97 1605 106 1612; x_wconf 86' lang='lat'><em>.</em></span> <span class='ocrx_word' id='word_1_152' title='bbox 141 1569 256 1618; x_wconf 82' lang='lat' dir='ltr'>Simonis</span> <span class='ocrx_word' id='word_1_153' title='bbox 266 1570 415 1622; x_wconf 81' lang='lat' dir='ltr'>verbannus</span> <span class='ocrx_word' id='word_1_154' title='bbox 432 1571 568 1622; x_wconf 84' lang='lat' dir='ltr'>Chremeta</span> <span class='ocrx_word' id='word_1_155' title='bbox 584 1571 617 1622; x_wconf 82' lang='lat' dir='ltr'>rie</span> <span class='ocrx_word' id='word_1_156' title='bbox 634 1573 749 1636; x_wconf 86' lang='lat' dir='ltr'>nuptiis:</span> <span class='ocrx_word' id='word_1_157' title='bbox 766 1573 833 1622; x_wconf 90' lang='grc' dir='ltr'>θινὶ</span> <span class='ocrx_word' id='word_1_158' title='bbox 852 1571 1015 1636; x_wconf 81' lang='lat' dir='ltr'>perturbatio</span> <span class='ocrx_word' id='word_1_159' title='bbox 1031 1585 1061 1620; x_wconf 87' lang='lat' dir='ltr'>uc</span> <span class='ocrx_word' id='word_1_160' title='bbox 1073 1571 1212 1635; x_wconf 80' lang='lat' dir='ltr'>Pamphili.</span> 
     </span>
     <span class='ocr_line' id='line_1_17' title="bbox 140 1648 1286 1718; baseline 0.001 -18"><span class='ocrx_word' id='word_1_161' title='bbox 140 1649 274 1700; x_wconf 79' lang='lat' dir='ltr'>Quartum</span> <span class='ocrx_word' id='word_1_162' title='bbox 294 1648 389 1700; x_wconf 84' lang='lat' dir='ltr'>Actum</span> <span class='ocrx_word' id='word_1_163' title='bbox 400 1664 449 1715; x_wconf 87' lang='lat' dir='ltr'>per</span> <span class='ocrx_word' id='word_1_164' title='bbox 467 1651 525 1702; x_wconf 79' lang='lat' dir='ltr'>hmo</span> <span class='ocrx_word' id='word_1_165' title='bbox 536 1651 710 1718; x_wconf 84' lang='lat' dir='ltr'>intelligimus.</span> <span class='ocrx_word' id='word_1_166' title='bbox 743 1651 1212 1716; x_wconf 85' lang='lat' dir='ltr'>PrimaChariuiverhasunt,indig·</span> <span class='ocrx_word' id='word_1_167' title='bbox 1283 1685 1286 1691; x_wconf 87' lang='lat'>-</span> 
     </span>
     <span class='ocr_line' id='line_1_18' title="bbox 141 1728 1212 1798; baseline 0.003 -19"><span class='ocrx_word' id='word_1_168' title='bbox 141 1729 232 1780; x_wconf 80' lang='lat' dir='ltr'>nautis</span> <span class='ocrx_word' id='word_1_169' title='bbox 252 1730 324 1779; x_wconf 85' lang='lat' dir='ltr'>velut</span> <span class='ocrx_word' id='word_1_170' title='bbox 339 1728 417 1780; x_wconf 84' lang='lat' dir='ltr'>fidem</span> <span class='ocrx_word' id='word_1_171' title='bbox 436 1730 485 1781; x_wconf 92' lang='lat' dir='ltr'>sihi</span> <span class='ocrx_word' id='word_1_172' title='bbox 502 1746 554 1781; x_wconf 90' lang='lat' dir='ltr'>non</span> <span class='ocrx_word' id='word_1_173' title='bbox 574 1740 703 1784; x_wconf 82' lang='lat' dir='ltr'>servatam</span> <span class='ocrx_word' id='word_1_174' title='bbox 723 1734 912 1798; x_wconf 88' lang='lat' dir='ltr'>uPamphilu:</span> <span class='ocrx_word' id='word_1_175' title='bbox 929 1739 983 1782; x_wconf 88' lang='lat' dir='ltr'>tum</span> <span class='ocrx_word' id='word_1_176' title='bbox 1002 1733 1113 1797; x_wconf 86' lang='lat' dir='ltr'>Mysidis</span> <span class='ocrx_word' id='word_1_177' title='bbox 1130 1733 1212 1783; x_wconf 84' lang='lat' dir='ltr'>verhu</span> 
     </span>
     <span class='ocr_line' id='line_1_19' title="bbox 127 1808 1211 1876; baseline 0.002 -16"><span class='ocrx_word' id='word_1_178' title='bbox 127 1810 216 1875; x_wconf 61' lang='lat' dir='ltr'>‘apud</span> <span class='ocrx_word' id='word_1_179' title='bbox 227 1809 401 1874; x_wconf 84' lang='lat' dir='ltr'>Pamphilum,</span> <span class='ocrx_word' id='word_1_180' title='bbox 411 1810 576 1876; x_wconf 80' lang='lat' dir='ltr'>eJusdemque</span> <span class='ocrx_word' id='word_1_181' title='bbox 592 1819 716 1876; x_wconf 79' lang='lat' dir='ltr'>questus:</span> <span class='ocrx_word' id='word_1_182' title='bbox 734 1814 802 1864; x_wconf 90' lang='grc' dir='ltr'>θινὶ</span> <span class='ocrx_word' id='word_1_183' title='bbox 819 1808 1008 1864; x_wconf 81' lang='lat' dir='ltr'>administratio</span> <span class='ocrx_word' id='word_1_184' title='bbox 1025 1813 1077 1862; x_wconf 89' lang='lat' dir='ltr'>doli</span> <span class='ocrx_word' id='word_1_185' title='bbox 1089 1812 1211 1862; x_wconf 82' lang='lat' dir='ltr'>adversus</span> 
     </span>
     <span class='ocr_line' id='line_1_20' title="bbox 141 1889 1303 1958; baseline 0.003 -18"><span class='ocrx_word' id='word_1_186' title='bbox 141 1891 322 1941; x_wconf 85' lang='lat' dir='ltr'>Chremetem.</span> <span class='ocrx_word' id='word_1_187' title='bbox 354 1889 387 1940; x_wconf 91' lang='lat' dir='ltr'>In</span> <span class='ocrx_word' id='word_1_188' title='bbox 404 1891 496 1955; x_wconf 90' lang='lat' dir='ltr'>quinto</span> <span class='ocrx_word' id='word_1_189' title='bbox 507 1891 593 1942; x_wconf 82' lang='lat' dir='ltr'>Actus</span> <span class='ocrx_word' id='word_1_190' title='bbox 608 1891 719 1943; x_wconf 82' lang='lat' dir='ltr'>Simonis</span> <span class='ocrx_word' id='word_1_191' title='bbox 737 1902 764 1944; x_wconf 92' lang='lat' dir='ltr'>et</span> <span class='ocrx_word' id='word_1_192' title='bbox 776 1893 921 1943; x_wconf 84' lang='lat' dir='ltr'>Chremetis</span> <span class='ocrx_word' id='word_1_193' title='bbox 942 1907 1025 1956; x_wconf 89' lang='lat' dir='ltr'>prope</span> <span class='ocrx_word' id='word_1_194' title='bbox 1037 1893 1153 1958; x_wconf 87' lang='lat' dir='ltr'>jurgium</span> <span class='ocrx_word' id='word_1_195' title='bbox 1165 1893 1213 1943; x_wconf 87' lang='lat' dir='ltr'>dis·</span> <span class='ocrx_word' id='word_1_196' title='bbox 1281 1944 1283 1952; x_wconf 70' lang='grc'>,</span> <span class='ocrx_word' id='word_1_197' title='bbox 1301 1913 1303 1918; x_wconf 52' lang='lat'>&gt;</span> 
     </span>
     <span class='ocr_line' id='line_1_21' title="bbox 103 1969 1212 2035; baseline 0.001 -14"><span class='ocrx_word' id='word_1_198' title='bbox 103 1995 107 2003; x_wconf 87' lang='lat'><strong>·</strong></span> <span class='ocrx_word' id='word_1_199' title='bbox 142 1971 266 2035; x_wconf 68' lang='lat' dir='ltr'>putatior</span> <span class='ocrx_word' id='word_1_200' title='bbox 283 1977 338 2022; x_wconf 88' lang='lat' dir='ltr'>tum</span> <span class='ocrx_word' id='word_1_201' title='bbox 353 1970 468 2021; x_wconf 82' lang='lat' dir='ltr'>detectio</span> <span class='ocrx_word' id='word_1_202' title='bbox 478 1969 637 2021; x_wconf 81' lang='lat' dir='ltr'>fallaciarum</span> <span class='ocrx_word' id='word_1_203' title='bbox 656 1973 740 2032; x_wconf 75' lang='lat' dir='ltr'>Davi3</span> <span class='ocrx_word' id='word_1_204' title='bbox 756 1977 811 2022; x_wconf 89' lang='lat' dir='ltr'>tum</span> <span class='ocrx_word' id='word_1_205' title='bbox 829 1972 972 2035; x_wconf 77' lang='lat' dir='ltr'>indignatio</span> <span class='ocrx_word' id='word_1_206' title='bbox 990 1973 1070 2035; x_wconf 87' lang='lat' dir='ltr'>patris</span> <span class='ocrx_word' id='word_1_207' title='bbox 1087 1973 1212 2022; x_wconf 83' lang='lat' dir='ltr'>adversus</span> 
     </span>
     <span class='ocr_line' id='line_1_22' title="bbox 143 2051 1214 2114; baseline 0 -13"><span class='ocrx_word' id='word_1_208' title='bbox 143 2051 243 2112; x_wconf 81' lang='lat' dir='ltr'>tilium3</span> <span class='ocrx_word' id='word_1_209' title='bbox 260 2058 316 2102; x_wconf 90' lang='lat' dir='ltr'>tum</span> <span class='ocrx_word' id='word_1_210' title='bbox 326 2051 441 2101; x_wconf 79' lang='lat' dir='ltr'>Critonis</span> <span class='ocrx_word' id='word_1_211' title='bbox 451 2051 633 2101; x_wconf 69' lang='lat' dir='ltr'>interventore</span> <span class='ocrx_word' id='word_1_212' title='bbox 648 2058 677 2100; x_wconf 89' lang='lat' dir='ltr'>et</span> <span class='ocrx_word' id='word_1_213' title='bbox 694 2065 742 2114; x_wconf 90' lang='lat' dir='ltr'>per</span> <span class='ocrx_word' id='word_1_214' title='bbox 761 2065 819 2100; x_wconf 87' lang='lat' dir='ltr'>eum</span> <span class='ocrx_word' id='word_1_215' title='bbox 831 2051 941 2114; x_wconf 88' lang='lat' dir='ltr'>coguitis</span> <span class='ocrx_word' id='word_1_216' title='bbox 958 2051 1037 2098; x_wconf 90' lang='lat' dir='ltr'>rebus</span> <span class='ocrx_word' id='word_1_217' title='bbox 1051 2051 1077 2099; x_wconf 88' lang='lat' dir='ltr'>iu</span> <span class='ocrx_word' id='word_1_218' title='bbox 1089 2053 1214 2114; x_wconf 85' lang='lat' dir='ltr'>tranquil·</span> 
     </span>
     <span class='ocr_line' id='line_1_23' title="bbox 103 2129 1213 2197; baseline -0.004 -13"><span class='ocrx_word' id='word_1_219' title='bbox 103 2153 111 2159; x_wconf 88' lang='lat'><em>·</em></span> <span class='ocrx_word' id='word_1_220' title='bbox 141 2135 199 2184; x_wconf 89' lang='lat' dir='ltr'>lum</span> <span class='ocrx_word' id='word_1_221' title='bbox 210 2144 253 2183; x_wconf 88' lang='lat' dir='ltr'>res</span> <span class='ocrx_word' id='word_1_222' title='bbox 261 2140 330 2194; x_wconf 85' lang='lat' dir='ltr'>arta,</span> <span class='ocrx_word' id='word_1_223' title='bbox 337 2131 490 2183; x_wconf 86' lang='lat' dir='ltr'>ducentibus</span> <span class='ocrx_word' id='word_1_224' title='bbox 502 2147 605 2195; x_wconf 88' lang='lat' dir='ltr'>uxores,</span> <span class='ocrx_word' id='word_1_225' title='bbox 612 2147 676 2197; x_wconf 86' lang='lat' dir='ltr'>quas</span> <span class='ocrx_word' id='word_1_226' title='bbox 686 2132 899 2195; x_wconf 80' lang='lat' dir='ltr'>concupiverant,</span> <span class='ocrx_word' id='word_1_227' title='bbox 907 2129 1043 2193; x_wconf 89' lang='lat' dir='ltr'>Pamphilu</span> <span class='ocrx_word' id='word_1_228' title='bbox 1053 2137 1081 2179; x_wconf 85' lang='grc' dir='ltr'>ιι</span> <span class='ocrx_word' id='word_1_229' title='bbox 1092 2131 1213 2180; x_wconf 85' lang='lat' dir='ltr'>Charino.</span> 
     </span>
     <span class='ocr_line' id='line_1_24' title="bbox 106 2211 1212 2278; baseline -0.002 -15"><span class='ocrx_word' id='word_1_230' title='bbox 106 2244 109 2249; x_wconf 80' lang='lat'>,</span> <span class='ocrx_word' id='word_1_231' title='bbox 142 2212 217 2263; x_wconf 79' lang='lat' dir='ltr'>illud</span> <span class='ocrx_word' id='word_1_232' title='bbox 231 2227 283 2262; x_wconf 90' lang='lat' dir='ltr'>non</span> <span class='ocrx_word' id='word_1_233' title='bbox 294 2226 455 2263; x_wconf 85' lang='lat' dir='ltr'>commovere</span> <span class='ocrx_word' id='word_1_234' title='bbox 472 2228 518 2263; x_wconf 91' lang='lat' dir='ltr'>uus</span> <span class='ocrx_word' id='word_1_235' title='bbox 535 2213 624 2276; x_wconf 90' lang='lat' dir='ltr'>dehet,</span> <span class='ocrx_word' id='word_1_236' title='bbox 634 2214 704 2278; x_wconf 88' lang='lat' dir='ltr'>quud</span> <span class='ocrx_word' id='word_1_237' title='bbox 721 2212 748 2262; x_wconf 90' lang='lat' dir='ltr'>in</span> <span class='ocrx_word' id='word_1_238' title='bbox 766 2213 856 2261; x_wconf 90' lang='lat' dir='ltr'>horum</span> <span class='ocrx_word' id='word_1_239' title='bbox 869 2212 980 2261; x_wconf 80' lang='lat' dir='ltr'>Acutum</span> <span class='ocrx_word' id='word_1_240' title='bbox 997 2211 1163 2261; x_wconf 88' lang='lat' dir='ltr'>distinctione</span> <span class='ocrx_word' id='word_1_241' title='bbox 1176 2213 1212 2261; x_wconf 92' lang='grc' dir='ltr'>νὶ-</span> 
     </span>
     <span class='ocr_line' id='line_1_25' title="bbox 143 2290 1305 2358; baseline -0.003 -14"><span class='ocrx_word' id='word_1_242' title='bbox 143 2293 244 2344; x_wconf 86' lang='lat' dir='ltr'>dentur</span> <span class='ocrx_word' id='word_1_243' title='bbox 252 2292 286 2342; x_wconf 88' lang='lat' dir='ltr'>de</span> <span class='ocrx_word' id='word_1_244' title='bbox 296 2294 433 2357; x_wconf 79' lang='lat' dir='ltr'>proscenio</span> <span class='ocrx_word' id='word_1_245' title='bbox 444 2309 495 2344; x_wconf 89' lang='lat' dir='ltr'>uon</span> <span class='ocrx_word' id='word_1_246' title='bbox 512 2294 662 2345; x_wconf 77' lang='lat' dir='ltr'>discessisse</span> <span class='ocrx_word' id='word_1_247' title='bbox 679 2307 797 2358; x_wconf 83' lang='lat' dir='ltr'>personas</span> <span class='ocrx_word' id='word_1_248' title='bbox 814 2291 950 2358; x_wconf 76' lang='lat' dir='ltr'>quadum:</span> <span class='ocrx_word' id='word_1_249' title='bbox 968 2290 1014 2340; x_wconf 88' lang='lat' dir='ltr'>sed</span> <span class='ocrx_word' id='word_1_250' title='bbox 1025 2295 1116 2340; x_wconf 86' lang='lat' dir='ltr'>tenere</span> <span class='ocrx_word' id='word_1_251' title='bbox 1133 2291 1212 2342; x_wconf 84' lang='lat' dir='ltr'>deire·</span> <span class='ocrx_word' id='word_1_252' title='bbox 1303 2320 1305 2324; x_wconf 94' lang='lat'>·</span> 
     </span>
     <span class='ocr_line' id='line_1_26' title="bbox 108 2370 1212 2437; baseline 0.001 -15"><span class='ocrx_word' id='word_1_253' title='bbox 108 2396 111 2402; x_wconf 41' lang='lat' dir='ltr'>v</span> <span class='ocrx_word' id='word_1_254' title='bbox 142 2388 213 2437; x_wconf 86' lang='lat' dir='ltr'>mus,</span> <span class='ocrx_word' id='word_1_255' title='bbox 230 2373 290 2423; x_wconf 85' lang='lat' dir='ltr'>ideo</span> <span class='ocrx_word' id='word_1_256' title='bbox 309 2371 461 2424; x_wconf 88' lang='lat' dir='ltr'>Terentium</span> <span class='ocrx_word' id='word_1_257' title='bbox 473 2374 615 2425; x_wconf 85' lang='lat' dir='ltr'>vicinitatis</span> <span class='ocrx_word' id='word_1_258' title='bbox 629 2375 787 2423; x_wconf 86' lang='lat' dir='ltr'>mentionem</span> <span class='ocrx_word' id='word_1_259' title='bbox 804 2371 898 2422; x_wconf 87' lang='lat' dir='ltr'>fecisse</span> <span class='ocrx_word' id='word_1_260' title='bbox 917 2371 944 2419; x_wconf 91' lang='lat' dir='ltr'>in</span> <span class='ocrx_word' id='word_1_261' title='bbox 964 2370 1103 2435; x_wconf 90' lang='lat' dir='ltr'>principio,</span> <span class='ocrx_word' id='word_1_262' title='bbox 1111 2378 1142 2421; x_wconf 92' lang='lat' dir='ltr'>ut</span> <span class='ocrx_word' id='word_1_263' title='bbox 1158 2386 1212 2423; x_wconf 93' lang='lat' dir='ltr'>mu·</span> 
     </span>
     <span class='ocr_line' id='line_1_27' title="bbox 142 2450 1212 2518; baseline -0.002 -16"><span class='ocrx_word' id='word_1_264' title='bbox 142 2453 208 2503; x_wconf 86' lang='lat' dir='ltr'>‹llco</span> <span class='ocrx_word' id='word_1_265' title='bbox 219 2458 329 2518; x_wconf 85' lang='lat' dir='ltr'>receptu</span> <span class='ocrx_word' id='word_1_266' title='bbox 345 2460 374 2503; x_wconf 88' lang='lat' dir='ltr'>et</span> <span class='ocrx_word' id='word_1_267' title='bbox 390 2453 481 2503; x_wconf 87' lang='lat' dir='ltr'>adesse</span> <span class='ocrx_word' id='word_1_268' title='bbox 492 2459 520 2504; x_wconf 91' lang='grc' dir='ltr'>ιι</span> <span class='ocrx_word' id='word_1_269' title='bbox 537 2454 629 2504; x_wconf 85' lang='lat' dir='ltr'>abesse</span> <span class='ocrx_word' id='word_1_270' title='bbox 645 2467 781 2518; x_wconf 88' lang='lat' dir='ltr'>personam</span> <span class='ocrx_word' id='word_1_271' title='bbox 794 2451 976 2516; x_wconf 77' lang='lat' dir='ltr'>intelligamus.</span> <span class='ocrx_word' id='word_1_272' title='bbox 1011 2450 1082 2499; x_wconf 91' lang='lat' dir='ltr'>Nihil</span> <span class='ocrx_word' id='word_1_273' title='bbox 1099 2465 1212 2514; x_wconf 86' lang='lat' dir='ltr'>ergosc·</span> 
     </span>
     <span class='ocr_line' id='line_1_28' title="bbox 143 2531 1213 2599; baseline -0.001 -16"><span class='ocrx_word' id='word_1_274' title='bbox 143 2533 245 2599; x_wconf 68' lang='lat' dir='ltr'>quius*</span> <span class='ocrx_word' id='word_1_275' title='bbox 260 2531 358 2584; x_wconf 79' lang='lat' dir='ltr'>facttum</span> <span class='ocrx_word' id='word_1_276' title='bbox 368 2540 411 2584; x_wconf 82' lang='lat' dir='ltr'>est</span> <span class='ocrx_word' id='word_1_277' title='bbox 422 2533 455 2583; x_wconf 88' lang='lat' dir='ltr'>uh</span> <span class='ocrx_word' id='word_1_278' title='bbox 473 2533 595 2598; x_wconf 84' lang='lat' dir='ltr'>antiquis,</span> <span class='ocrx_word' id='word_1_279' title='bbox 609 2532 655 2599; x_wconf 84' lang='lat' dir='ltr'>qul</span> <span class='ocrx_word' id='word_1_280' title='bbox 666 2533 699 2583; x_wconf 88' lang='lat' dir='ltr'>ad</span> <span class='ocrx_word' id='word_1_281' title='bbox 714 2535 782 2584; x_wconf 89' lang='lat' dir='ltr'>huuc</span> <span class='ocrx_word' id='word_1_282' title='bbox 798 2532 903 2583; x_wconf 88' lang='lat' dir='ltr'>mudum</span> <span class='ocrx_word' id='word_1_283' title='bbox 919 2531 1091 2580; x_wconf 83' lang='lat' dir='ltr'>Terentianus</span> <span class='ocrx_word' id='word_1_284' title='bbox 1103 2531 1213 2582; x_wconf 80' lang='lat' dir='ltr'>Fabulae</span> 
     </span>
     <span class='ocr_line' id='line_1_29' title="bbox 144 2613 692 2664; baseline 0.002 -1"><span class='ocrx_word' id='word_1_285' title='bbox 144 2613 302 2664; x_wconf 81' lang='lat' dir='ltr'>diviserunt.</span> <span class='ocrx_word' id='word_1_286' title='bbox 690 2635 692 2639; x_wconf 96' lang='lat'>·</span> 
     </span>
    </p>
   </div>
   <div class='ocr_carea' id='block_1_3' title="bbox 587 2726 739 2778">
    <p class='ocr_par' dir='ltr' id='par_1_3' title="bbox 587 2726 739 2778">
     <span class='ocr_line' id='line_1_30' title="bbox 587 2726 739 2778; baseline -0.02 -1"><span class='ocrx_word' id='word_1_287' title='bbox 587 2731 603 2777; x_wconf 80' lang='grc'>4</span> <span class='ocrx_word' id='word_1_288' title='bbox 620 2727 692 2778; x_wconf 84' lang='lat' dir='ltr'>Serus</span> <span class='ocrx_word' id='word_1_289' title='bbox 709 2726 739 2777; x_wconf 84' lang='lat' dir='ltr'>Z.</span> 
     </span>
    </p>
   </div>
   <div class='ocr_carea' id='block_1_4' title="bbox 513 2967 820 2981">
    <p class='ocr_par' dir='ltr' id='par_1_4' title="bbox 513 2967 820 2981">
     <span class='ocr_line' id='line_1_31' title="bbox 513 2967 820 2981; baseline -0.007 -1"><span class='ocrx_word' id='word_1_290' title='bbox 513 2967 820 2981; x_wconf 50' lang='lat' dir='ltr'><em>w</em></span> 
     </span>
    </p>
   </div>
   <div class='ocr_carea' id='block_1_5' title="bbox 254 3190 1149 3272">
    <p class='ocr_par' dir='ltr' id='par_1_5' title="bbox 254 3190 1149 3272">
     <span class='ocr_line' id='line_1_32' title="bbox 254 3190 1149 3272; baseline -0.008 -2"><span class='ocrx_word' id='word_1_291' title='bbox 254 3222 527 3272; x_wconf 80' lang='lat' dir='ltr'>sunuunururr</span> <span class='ocrx_word' id='word_1_292' title='bbox 554 3209 789 3269; x_wconf 74' lang='lat' dir='ltr'>nuunurrrrrl</span> <span class='ocrx_word' id='word_1_293' title='bbox 813 3219 852 3266; x_wconf 81' lang='lat' dir='ltr'>ru</span> <span class='ocrx_word' id='word_1_294' title='bbox 877 3216 1070 3267; x_wconf 78' lang='lat' dir='ltr'>sunnrsrr.</span> <span class='ocrx_word' id='word_1_295' title='bbox 1147 3190 1149 3193; x_wconf 72' lang='grc'><strong>’</strong></span> 
     </span>
    </p>
   </div>
   <div class='ocr_carea' id='block_1_6' title="bbox 107 3366 1268 4089">
    <p class='ocr_par' dir='ltr' id='par_1_6' title="bbox 107 3366 1213 3758">
     <span class='ocr_line' id='line_1_33' title="bbox 107 3366 1213 3443; baseline -0.005 -20"><span class='ocrx_word' id='word_1_296' title='bbox 107 3373 169 3442; x_wconf 77' lang='lat' dir='ltr'>Sam</span> <span class='ocrx_word' id='word_1_297' title='bbox 180 3387 249 3425; x_wconf 87' lang='lat' dir='ltr'>nuuc</span> <span class='ocrx_word' id='word_1_298' title='bbox 261 3374 295 3424; x_wconf 88' lang='lat' dir='ltr'>de</span> <span class='ocrx_word' id='word_1_299' title='bbox 309 3375 410 3443; x_wconf 81' lang='lat' dir='ltr'>Andria</span> <span class='ocrx_word' id='word_1_300' title='bbox 420 3376 561 3426; x_wconf 85' lang='lat' dir='ltr'>videamus.</span> <span class='ocrx_word' id='word_1_301' title='bbox 599 3370 697 3425; x_wconf 84' lang='lat' dir='ltr'>Andria</span> <span class='ocrx_word' id='word_1_302' title='bbox 711 3371 794 3437; x_wconf 88' lang='lat' dir='ltr'>prima</span> <span class='ocrx_word' id='word_1_303' title='bbox 805 3371 893 3422; x_wconf 79' lang='lat' dir='ltr'>tabula</span> <span class='ocrx_word' id='word_1_304' title='bbox 901 3372 961 3422; x_wconf 88' lang='lat' dir='ltr'>iden</span> <span class='ocrx_word' id='word_1_305' title='bbox 970 3379 1088 3435; x_wconf 85' lang='lat' dir='ltr'>voratur,</span> <span class='ocrx_word' id='word_1_306' title='bbox 1098 3385 1130 3421; x_wconf 89' lang='lat' dir='ltr'>eo</span> <span class='ocrx_word' id='word_1_307' title='bbox 1144 3366 1213 3435; x_wconf 83' lang='lat' dir='ltr'>quod</span> 
     </span>
     <span class='ocr_line' id='line_1_34' title="bbox 144 3443 1213 3519; baseline -0.004 -16"><span class='ocrx_word' id='word_1_308' title='bbox 144 3443 180 3503; x_wconf 84' lang='lat' dir='ltr'>ex</span> <span class='ocrx_word' id='word_1_309' title='bbox 198 3452 399 3517; x_wconf 84' lang='lat' dir='ltr'>Andru,iusu1a</span> <span class='ocrx_word' id='word_1_310' title='bbox 418 3457 581 3519; x_wconf 69' lang='lat' dir='ltr'>Graecorum,</span> <span class='ocrx_word' id='word_1_311' title='bbox 598 3454 700 3504; x_wconf 86' lang='lat' dir='ltr'>venerit</span> <span class='ocrx_word' id='word_1_312' title='bbox 714 3452 817 3518; x_wconf 84' lang='lat' dir='ltr'>Chrysis</span> <span class='ocrx_word' id='word_1_313' title='bbox 837 3452 942 3503; x_wconf 82' lang='lat' dir='ltr'>foemina</span> <span class='ocrx_word' id='word_1_314' title='bbox 953 3453 1078 3514; x_wconf 87' lang='lat' dir='ltr'>Athenas,</span> <span class='ocrx_word' id='word_1_315' title='bbox 1098 3451 1141 3502; x_wconf 90' lang='lat' dir='ltr'>uhi</span> <span class='ocrx_word' id='word_1_316' title='bbox 1157 3452 1213 3500; x_wconf 82' lang='lat' dir='ltr'>haec</span> 
     </span>
     <span class='ocr_line' id='line_1_35' title="bbox 143 3530 1213 3603; baseline -0.004 -20"><span class='ocrx_word' id='word_1_317' title='bbox 143 3537 206 3584; x_wconf 83' lang='lat' dir='ltr'>actu</span> <span class='ocrx_word' id='word_1_318' title='bbox 216 3533 376 3598; x_wconf 78' lang='lat' dir='ltr'>referuntur,</span> <span class='ocrx_word' id='word_1_319' title='bbox 387 3543 415 3586; x_wconf 91' lang='lat' dir='ltr'>et</span> <span class='ocrx_word' id='word_1_320' title='bbox 427 3549 485 3584; x_wconf 85' lang='lat' dir='ltr'>eum</span> <span class='ocrx_word' id='word_1_321' title='bbox 496 3533 623 3599; x_wconf 76' lang='lat' dir='ltr'>Chryside</span> <span class='ocrx_word' id='word_1_322' title='bbox 632 3530 690 3598; x_wconf 87' lang='lat' dir='ltr'>alis,</span> <span class='ocrx_word' id='word_1_323' title='bbox 701 3546 757 3597; x_wconf 77' lang='lat' dir='ltr'>quse</span> <span class='ocrx_word' id='word_1_324' title='bbox 769 3534 910 3583; x_wconf 85' lang='lat' dir='ltr'>vocabatur</span> <span class='ocrx_word' id='word_1_325' title='bbox 922 3534 1083 3598; x_wconf 82' lang='lat' dir='ltr'>Glycerium,</span> <span class='ocrx_word' id='word_1_326' title='bbox 1094 3547 1151 3582; x_wconf 90' lang='lat' dir='ltr'>cum</span> <span class='ocrx_word' id='word_1_327' title='bbox 1160 3530 1213 3603; x_wconf 83' lang='lat' dir='ltr'>nun</span> 
     </span>
     <span class='ocr_line' id='line_1_36' title="bbox 144 3611 1214 3680; baseline -0.011 -11"><span class='ocrx_word' id='word_1_328' title='bbox 144 3622 216 3669; x_wconf 69' lang='lat' dir='ltr'>esset</span> <span class='ocrx_word' id='word_1_329' title='bbox 233 3628 266 3663; x_wconf 82' lang='lat' dir='ltr'>ex</span> <span class='ocrx_word' id='word_1_330' title='bbox 284 3613 376 3666; x_wconf 83' lang='lat' dir='ltr'>Andro</span> <span class='ocrx_word' id='word_1_331' title='bbox 394 3616 441 3665; x_wconf 84' lang='lat' dir='ltr'>aad</span> <span class='ocrx_word' id='word_1_332' title='bbox 457 3615 543 3679; x_wconf 89' lang='lat' dir='ltr'>potius</span> <span class='ocrx_word' id='word_1_333' title='bbox 556 3613 733 3678; x_wconf 86' lang='lat' dir='ltr'>Atheniensis,</span> <span class='ocrx_word' id='word_1_334' title='bbox 750 3614 818 3665; x_wconf 89' lang='lat' dir='ltr'>sicut</span> <span class='ocrx_word' id='word_1_335' title='bbox 835 3615 1021 3680; x_wconf 75' lang='lat' dir='ltr'>consequentis</span> <span class='ocrx_word' id='word_1_336' title='bbox 1036 3611 1214 3674; x_wconf 78' lang='lat' dir='ltr'>manifestant.</span> 
     </span>
     <span class='ocr_line' id='line_1_37' title="bbox 144 3691 682 3758; baseline -0.006 -12"><span class='ocrx_word' id='word_1_337' title='bbox 144 3691 338 3758; x_wconf 79' lang='lat' dir='ltr'>Argumentum</span> <span class='ocrx_word' id='word_1_338' title='bbox 356 3695 436 3746; x_wconf 85' lang='lat' dir='ltr'>totius</span> <span class='ocrx_word' id='word_1_339' title='bbox 447 3694 542 3746; x_wconf 73' lang='lat' dir='ltr'>sabulos</span> <span class='ocrx_word' id='word_1_340' title='bbox 552 3693 621 3744; x_wconf 90' lang='lat' dir='ltr'>istud</span> <span class='ocrx_word' id='word_1_341' title='bbox 632 3698 682 3744; x_wconf 87' lang='lat' dir='ltr'>est.</span> 
     </span>
    </p>

    <p class='ocr_par' dir='ltr' id='par_1_7' title="bbox 110 3751 1268 4081">
     <span class='ocr_line' id='line_1_38' title="bbox 110 3751 1268 3841; baseline -0.011 -15"><span class='ocrx_word' id='word_1_342' title='bbox 110 3775 189 3830; x_wconf 88' lang='lat' dir='ltr'>Bello</span> <span class='ocrx_word' id='word_1_343' title='bbox 201 3782 295 3827; x_wconf 87' lang='lat' dir='ltr'>exortu</span> <span class='ocrx_word' id='word_1_344' title='bbox 305 3774 417 3828; x_wconf 88' lang='lat' dir='ltr'>Athenis</span> <span class='ocrx_word' id='word_1_345' title='bbox 429 3777 552 3829; x_wconf 84' lang='lat' dir='ltr'>Chremes</span> <span class='ocrx_word' id='word_1_346' title='bbox 565 3774 671 3841; x_wconf 85' lang='lat' dir='ltr'>quidem</span> <span class='ocrx_word' id='word_1_347' title='bbox 684 3772 856 3836; x_wconf 87' lang='lat' dir='ltr'>Atheniensis,</span> <span class='ocrx_word' id='word_1_348' title='bbox 867 3772 965 3824; x_wconf 90' lang='lat' dir='ltr'>relictis</span> <span class='ocrx_word' id='word_1_349' title='bbox 981 3771 1108 3832; x_wconf 90' lang='lat' dir='ltr'>omnibus,</span> <span class='ocrx_word' id='word_1_350' title='bbox 1116 3767 1149 3816; x_wconf 88' lang='lat' dir='ltr'>ad</span> <span class='ocrx_word' id='word_1_351' title='bbox 1161 3751 1214 3830; x_wconf 79' lang='lat' dir='ltr'>elia</span> <span class='ocrx_word' id='word_1_352' title='bbox 1266 3770 1268 3776; x_wconf 86' lang='lat'>&#39;</span> 
     </span>
     <span class='ocr_line' id='line_1_39' title="bbox 144 3845 1211 3922; baseline -0.01 -17"><span class='ocrx_word' id='word_1_353' title='bbox 144 3855 312 3922; x_wconf 82' lang='lat' dir='ltr'>demigravit.</span> <span class='ocrx_word' id='word_1_354' title='bbox 346 3857 427 3922; x_wconf 83' lang='lat' dir='ltr'>Cujus</span> <span class='ocrx_word' id='word_1_355' title='bbox 447 3855 529 3907; x_wconf 81' lang='lat' dir='ltr'>frater</span> <span class='ocrx_word' id='word_1_356' title='bbox 542 3856 650 3918; x_wconf 83' lang='lat' dir='ltr'>Phanis,</span> <span class='ocrx_word' id='word_1_357' title='bbox 660 3855 704 3921; x_wconf 90' lang='lat' dir='ltr'>qui</span> <span class='ocrx_word' id='word_1_358' title='bbox 720 3855 892 3905; x_wconf 84' lang='lat' dir='ltr'>Rhamnusius</span> <span class='ocrx_word' id='word_1_359' title='bbox 908 3853 994 3903; x_wconf 87' lang='lat' dir='ltr'>dictus</span> <span class='ocrx_word' id='word_1_360' title='bbox 1012 3858 1063 3914; x_wconf 87' lang='lat' dir='ltr'>est,</span> <span class='ocrx_word' id='word_1_361' title='bbox 1078 3845 1211 3911; x_wconf 85' lang='lat' dir='ltr'>accipiens</span> 
     </span>
     <span class='ocr_line' id='line_1_40' title="bbox 114 3926 1214 4016; baseline -0.017 -24.507"><span class='ocrx_word' id='word_1_362' title='bbox 114 3934 236 4016; x_wconf 77' lang='lat' dir='ltr'>filium</span> <span class='ocrx_word' id='word_1_363' title='bbox 243 3937 322 3998; x_wconf 78' lang='lat' dir='ltr'>iliius,</span> <span class='ocrx_word' id='word_1_364' title='bbox 331 3943 438 4000; x_wconf 87' lang='lat' dir='ltr'>neptem</span> <span class='ocrx_word' id='word_1_365' title='bbox 449 3937 573 3989; x_wconf 84' lang='lat' dir='ltr'>videlicet</span> <span class='ocrx_word' id='word_1_366' title='bbox 590 3951 672 3999; x_wconf 88' lang='lat' dir='ltr'>suam,</span> <span class='ocrx_word' id='word_1_367' title='bbox 684 3937 787 3986; x_wconf 89' lang='lat' dir='ltr'>numine</span> <span class='ocrx_word' id='word_1_368' title='bbox 797 3935 947 3986; x_wconf 88' lang='lat' dir='ltr'>Pasibulam</span> <span class='ocrx_word' id='word_1_369' title='bbox 950 3947 1024 3997; x_wconf 82' lang='lat' dir='ltr'>,quus</span> <span class='ocrx_word' id='word_1_370' title='bbox 1039 3936 1133 3994; x_wconf 88' lang='lat' dir='ltr'>postea</span> <span class='ocrx_word' id='word_1_371' title='bbox 1149 3926 1214 3990; x_wconf 83' lang='lat' dir='ltr'>Gly-</span> 
     </span>
     <span class='ocr_line' id='line_1_41' title="bbox 114 3997 1213 4089; baseline -0.011 -20.652"><span class='ocrx_word' id='word_1_372' title='bbox 114 3997 246 4068; x_wconf 65' lang='lat' dir='ltr'>cerium</span> <span class='ocrx_word' id='word_1_373' title='bbox 255 4000 336 4066; x_wconf 89' lang='lat' dir='ltr'>dicta</span> <span class='ocrx_word' id='word_1_374' title='bbox 352 4022 403 4078; x_wconf 90' lang='lat' dir='ltr'>est,</span> <span class='ocrx_word' id='word_1_375' title='bbox 416 4016 442 4065; x_wconf 90' lang='lat' dir='ltr'>in</span> <span class='ocrx_word' id='word_1_376' title='bbox 453 4014 543 4067; x_wconf 87' lang='lat' dir='ltr'>Asiam</span> <span class='ocrx_word' id='word_1_377' title='bbox 561 4015 755 4081; x_wconf 84' lang='lat' dir='ltr'>proficiscitur,</span> <span class='ocrx_word' id='word_1_378' title='bbox 757 4029 875 4086; x_wconf 81' lang='lat' dir='ltr'>quaereus</span> <span class='ocrx_word' id='word_1_379' title='bbox 887 4011 998 4089; x_wconf 78' lang='lat' dir='ltr'>fratrem</span> <span class='ocrx_word' id='word_1_380' title='bbox 1014 4024 1098 4073; x_wconf 92' lang='lat' dir='ltr'>suum,</span> <span class='ocrx_word' id='word_1_381' title='bbox 1110 4007 1213 4058; x_wconf 87' lang='lat' dir='ltr'>numine</span> 
     </span>
    </p>
   </div>
   <div class='ocr_carea' id='block_1_7' title="bbox 261 4119 1070 4193">
    <p class='ocr_par' dir='ltr' id='par_1_8' title="bbox 261 4119 1070 4193">
     <span class='ocr_line' id='line_1_42' title="bbox 261 4119 1070 4193; baseline -0.013 -13"><span class='ocrx_word' id='word_1_382' title='bbox 261 4124 350 4180; x_wconf 84' lang='lat' dir='ltr'>tVid.</span> <span class='ocrx_word' id='word_1_383' title='bbox 371 4125 557 4183; x_wconf 76' lang='lat' dir='ltr'>Prasstioaem</span> <span class='ocrx_word' id='word_1_384' title='bbox 576 4131 728 4193; x_wconf 68' lang='lat' dir='ltr'>exemptam</span> <span class='ocrx_word' id='word_1_385' title='bbox 744 4125 805 4177; x_wconf 86' lang='grc' dir='ltr'>ιθ.</span> <span class='ocrx_word' id='word_1_386' title='bbox 814 4119 966 4187; x_wconf 80' lang='lat' dir='ltr'>PauloJac</span> <span class='ocrx_word' id='word_1_387' title='bbox 977 4120 1070 4172; x_wconf 73' lang='lat' dir='ltr'>lirum.</span> 
     </span>
    </p>
   </div>
   <div class='ocr_carea' id='block_1_8' title="bbox 0 0 1347 4702">
    <p class='ocr_par' dir='ltr' id='par_1_9' title="bbox 0 0 1347 4702">
     <span class='ocr_line' id='line_1_43' title="bbox 0 0 1347 4702; baseline 0 0"><span class='ocrx_word' id='word_1_388' title='bbox 0 0 1347 4702; x_wconf 95' lang='lat' dir='ltr'> </span> 
     </span>
    </p>
   </div>
  </div>
 </body>
</html>
