2678 4702
330 315 503 365 uuuucur
529 315 615 362 uer.
639 313 679 362 ιι.
703 313 754 363 so.
779 314 836 363 ιιι.
1088 299 1153 365 431

100 455 226 524 taciem
239 458 433 542 pulchram!
468 457 566 522 deleo
581 475 694 523 omnes
709 457 827 524 dehinc
842 474 886 521 ex
902 455 1013 522 animo
1034 457 1172 521 mulie-¹

183 580 247 625 res.
1131 560 1154 622 5

96 663 176 729 edet
191 661 459 746 quotidianarum
481 662 599 724 harum
612 661 803 724 formarum.
847 659 915 725 Pu.
938 661 1029 726 Ecce
1043 666 1154 724 autem

185 763 344 827 alterum!

96 865 186 931 escio
201 863 337 948 quidde
352 882 463 928 umore
475 864 644 947 loquitur:
668 862 699 927 Ο
715 863 951 928 infortunatum
968 865 1104 929 senem!

96 969 122 1032 io
138 986 219 1031 vero
235 969 297 1042 est,
314 966 372 1048 qui
387 965 416 1028 si
432 965 614 1048 occeperit,
629 964 744 1028 ludum
754 964 938 1048 Jocumque
952 964 1048 1031 dices

96 1071 176 1133 risse
189 1068 284 1132 illum
300 1067 453 1143 alterum,
469 1065 693 1154 praeuthujus
707 1067 822 1130 rabies
835 1086 911 1151 quae
927 1066 1033 1132 dabit.

96 1187 117 1234 ι.
142 1169 191 1234 Ut
204 1169 299 1233 illum
323 1169 370 1232 Di
395 1168 546 1250 Deaeque
569 1169 696 1233 senium
716 1167 869 1251 perdant,
897 1170 954 1252 qui
974 1188 1028 1235 mo
1051 1169 1153 1235 hodio

181 1277 368 1335 remoratus
382 1273 459 1350 est3
1108 1269 1151 1335 10

99 1446 191 1506 potest,
202 1440 230 1489 ob
241 1439 339 1489 nimium
344 1439 433 1499 fonnoe
441 1442 555 1501 gretiam.
591 1442 613 1488 0
625 1439 714 1500 sociem
732 1438 872 1492 venustum!
888 1440 973 1490 exinde
984 1455 1062 1490 omnes
1072 1438 1151 1488 animo

96 1507 247 1555 omrdieres:
263 1503 362 1552 satietas
378 1518 414 1552 me
432 1504 495 1566 cupit
512 1504 595 1553 iturum
612 1505 746 1565 vulgarium
758 1504 967 1569 pulchritudinum,
978 1503 1151 1569 quosquotidie

96 1586 127 1620 re
137 1572 203 1619 lieet.
237 1568 288 1616 ΡΑ.
306 1569 368 1617 Ecce
378 1573 457 1616 cutem
472 1569 573 1618 aiterum
582 1569 689 1629 fratreri
700 1571 819 1620 Phoedrioe
834 1569 956 1618 minuent.
990 1570 1079 1619 Nescio
1094 1566 1153 1628 quid

96 1649 165 1683 more
176 1633 289 1696 decitur.
325 1633 347 1679 0
357 1632 531 1691 infortunatum
541 1647 618 1682 mem
628 1632 763 1696 henum,
771 1635 810 1684 eui
818 1635 879 1683 tetes
888 1633 1007 1694 contigere
1009 1634 1062 1699 μὴ·
1072 1645 1153 1682 coron

96 1697 158 1748 titi!
175 1699 215 1747 dic
224 1711 279 1746 cero
289 1698 346 1745 odeo
356 1696 406 1744 neri
416 1700 440 1744 et
450 1697 534 1758 rapido
544 1697 641 1757 ingenio
651 1701 695 1758 est,
710 1704 747 1759 ut,
762 1700 784 1747 si
799 1698 875 1748 curui
891 1712 915 1746 ιι
932 1698 1060 1760 dediderit,
1075 1707 1154 1755 ιιιειιι

96 1779 117 1812 ιε
130 1764 195 1811 dices
206 1777 234 1810 en
245 1775 297 1824 quoe
305 1761 345 1809 ille
355 1761 418 1809 citer
433 1759 651 1825 (Piaedrio)fecit,
662 1764 694 1810 od
703 1765 900 1826 concoctionem
910 1761 1004 1810 uterum
1014 1776 1067 1826 quc
1083 1759 1152 1821 iudet

96 1825 180 1891 eree)
193 1825 271 1874 rabies
280 1825 420 1874 committet.
452 1825 504 1875 Cri.
524 1826 558 1874 Ut
568 1826 635 1875 illem
646 1825 808 1892 DiivDeoeque
824 1840 901 1877 unem
917 1826 1011 1876 moeris
1027 1830 1101 1878 modis
1112 1825 1149 1874 io-

509 1976 539 1996 Ν
541 1976 690 1997 ΙΙΙΙΙΙΙΙΙ

96 2090 146 2141 ιη’
168 2091 305 2140 ιοΙιιιιι.-6
322 2090 419 2138 Horum
437 2091 527 2152 quotid.
561 2091 602 2140 Ex
620 2089 693 2140 libris
715 2089 819 2152 scriptis
839 2096 866 2139 et
885 2089 932 2140 Do.
951 2091 1007 2140 haec
1020 2091 1150 2144 verbosic

96 2171 163 2206 oca:
180 2156 268 2217 qnotid.
285 2155 377 2204 Mrem.
394 2156 440 2203 Fa.
472 2155 516 2204 Ita
535 2155 617 2205 nostri
633 2155 752 2203 similiter
771 2168 868 2203 omnes.
888 2155 959 2204 Bent.
992 2156 1036 2205 Er.
1054 2156 1148 2208 invent.

112 2219 206 2284 quotid.
226 2234 258 2267 ex
278 2219 295 2267 1.
316 2219 398 2283 antiq.
416 2220 499 2269 West.
518 2219 589 2269 cotid.
609 2221 671 2268 Pur.
690 2219 772 2267 cottid.
791 2219 912 2268 Peri-'t
930 2219 996 2269 GM.
1016 2221 1042 2268 ic
1054 2219 1151 2280 fortene.

100 2301 120 2334 n
133 2297 213 2345 marg.
225 2284 259 2331 ai.
270 2283 366 2342 fortun.
400 2283 489 2332 Amare
501 2281 591 2334 Gueif.
602 2287 686 2333 3.-8.
705 2287 722 2332 9
739 2282 790 2332 Hic
801 2297 856 2332 cero
866 2287 901 2330 ert
911 2283 953 2345 qui
964 2284 986 2332 si
996 2298 1075 2333 umore
1086 2300 1150 2336 occe·

96 2356 115 2411 t,
132 2349 214 2397 ledum
226 2346 350 2410 jocumque
370 2347 446 2396 Dices
457 2347 542 2407 fuisse.
577 2350 622 2397 Pr.
642 2347 709 2397 libro
732 2359 790 2396 xiv.
808 2347 876 2395 hunc
891 2347 975 2396 locum
988 2348 1082 2409 citans,
1098 2362 1150 2400 non

96 2415 119 2463 it
130 2411 238 2461 verbum
249 2426 342 2460 umore.-
359 2411 428 2476 quod
440 2426 489 2461 nec
501 2414 527 2461 in
542 2413 617 2460 Beni.
631 2411 734 2475 quidem
751 2417 801 2471 est,
820 2411 846 2458 in
859 2425 910 2474 quo
921 2413 998 2461 etiem
1010 2413 1073 2462 dicet
1085 2414 1148 2478 iegi-

96 2497 101 2529 =
123 2476 241 2541 qnodet
259 2476 353 2539 placet.
386 2477 457 2525 Sene
473 2477 519 2526 hos
539 2489 629 2525 versus
647 2476 684 2524 ito
703 2475 866 2524 ordinamus:
885 2475 938 2523 Hic
955 2490 1009 2525 cero
1026 2481 1062 2525 est
1076 2478 1151 2540 quiri

96 2543 171 2600 neit,
185 2541 274 2597 taum,
287 2541 411 2603 jocumque
427 2540 490 2589 dicet
506 2541 590 2591 Fuisse
609 2539 676 2589 idern
694 2540 803 2594 atterum,
819 2544 898 2603 pred
916 2539 985 2600 trdus
1003 2539 1080 2590 rodier
1097 2557 1150 2604 quo

96 2611 119 2655 t.
155 2606 273 2653 Puterim
284 2612 369 2655 temen
381 2604 517 2666 legendum
534 2605 615 2668 siluere,¹
632 2619 665 2654 ne
677 2603 729 2653 duo
738 2603 824 2652 histos
836 2603 862 2652 in
873 2618 924 2654 uno
941 2619 1018 2654 versu
1036 2604 1150 2656 interre-

96 2677 126 2720 rt.
144 2669 190 2718 Fe.
222 2669 298 2719 Bodi.
315 2669 550 2732 Hicoeropuerest.
567 2670 619 2718 Ms.
633 2668 750 2732 Lino-G.
766 2669 843 2718 Bodi.
862 2669 900 2719 M.
918 2676 946 2718 et
963 2670 1015 2719 ΕΤ.
1033 2671 1095 2719 ΕΜ.
1106 2672 1150 2734 qui

96 2733 191 2796 ceperit
201 2748 288 2783 umore.
322 2733 459 2784 Quomodo
470 2739 497 2782 et
507 2733 639 2782 Donatum
656 2733 749 2795 legisse
761 2733 846 2781 discas
858 2731 891 2780 od
903 2747 970 2782 vers.
982 2737 1023 2784 56.
1056 2735 1148 2799 Itaque

96 2821 97 2832 ι
110 2799 139 2847 in
160 2796 276 2846 omnibns
294 2797 361 2845 Pau.
379 2803 471 2846 auctor
486 2804 527 2846 est
539 2799 647 2846 Parcus.
680 2795 791 2845 Videtur
803 2803 888 2844 eutem
901 2811 915 2846 e
927 2796 1149 2859 glossariorum

96 2879 102 2912 ι
116 2860 240 2911 erudiendi
252 2863 297 2912 Fa.
309 2869 336 2910 et
347 2861 417 2924 Guy.
430 2860 602 2910 rescribentes
614 2875 645 2908 ex
657 2861 733 2909 Bern.
751 2861 820 2908 dicet.
838 2860 921 2909 West.
954 2861 1031 2909 Prior
1050 2875 1150 2924 versos,

96 2925 205 2976 mdedit
216 2927 262 2974 Fe.
280 2932 405 2990 quantum
417 2925 448 2973 ad
471 2938 589 2974 numeros
608 2924 675 2973 bene
694 2923 786 2973 habet:
803 2923 872 2972 alter
889 2938 947 2973 corn
965 2923 1078 2973 hiatibus
1091 2925 1148 2975 istis

96 3006 115 3041 o
133 2989 212 3039 modo
228 2989 360 3038 ferendus.
392 2989 479 3038 Sensit
498 2990 546 3039 hoc
565 2990 605 3037 vir
623 2988 733 3048 doctus3
750 2994 778 3037 et
796 3003 812 3036 a
828 2986 931 3037 Faiirno
942 3003 989 3038 suo
1001 2988 1148 3040 desciscens

96 3068 186 3104 sersus
197 3053 342 3117 constituit,
356 3056 382 3102 in
394 3055 452 3118 ipso
464 3053 543 3103 etiam
556 3060 630 3102 textu
641 3070 648 3102 :
667 3053 719 3103 Hic
728 3066 781 3102 rere
792 3057 836 3112 est,
847 3053 888 3114 qui
898 3053 925 3101 si·
934 3052 1056 3116 occeperit
1066 3055 1147 3103 ludum

96 3131 174 3183 nque,
193 3118 317 3182 [eutecio]
336 3119 407 3167 Dicet
422 3117 502 3178 fuisse
518 3118 586 3167 illum
601 3119 711 3179 eduum,
726 3121 804 3178 prout
821 3115 890 3176 dedus
907 3116 985 3166 rodier
1003 3131 1055 3180 quo
1070 3119 1146 3169 dudit.

96 3184 128 3245 ii,
140 3184 235 3246 inquit,
247 3183 343 3232 certius
358 3188 408 3243 est,
428 3197 504 3245 qnam
515 3196 617 3230 versum
629 3180 770 3230 secundum
782 3195 798 3228 a
808 3181 881 3230 Dicet
892 3179 1068 3244 incipiendum
1079 3197 1146 3232 esec.

106 3248 249 3298 semeiiuoc
265 3261 314 3311 pro
333 3252 466 3309 comperto
485 3247 780 3323 assumsitffncnnem,
798 3245 892 3322 inquit,
908 3245 994 3294 verbis
1011 3245 1091 3309 hisce,
1108 3252 1149 3297 eet

96 3308 1148 3439 zdiiii,iiiii?”indididdttitf¹¹¹iittdiuiditur

96 3442 148 3502 cat,
159 3440 220 3504 quie
230 3390 412 3489 Psmrenoiric
423 3440 548 3488 neminem
560 3442 714 3504 alloquetur.
738 3438 802 3489 Pori
814 3440 900 3488 omnia
910 3437 1048 3490 felicitate.
1068 3439 1147 3504 vioe,

96 3505 164 3554 robis
175 3502 331 3554 fortunatius
343 3503 420 3553 cadat
433 3505 504 3554 cieo:
522 3504 574 3554 Hic
584 3519 640 3554 cero
650 3509 694 3564 est,
705 3504 745 3568 qni
756 3504 778 3553 si
788 3519 840 3553 occe
856 3504 912 3568 erit,
921 3503 1148 3568 Ludumjoeumqur

96 3568 192 3628 ιίιίιιι
201 3569 269 3618 ilium
279 3571 388 3630 doum,
399 3569 484 3618 Proeut
494 3568 564 3630 hujus
573 3570 651 3619 rodier
661 3583 713 3632 que
724 3569 800 3619 dudit.
851 3576 952 3619 eterunr
964 3570 1005 3619 vel
1016 3569 1145 3618 Prisciani

96 3634 195 3695 tontes,
206 3634 249 3698 qui
261 3648 287 3697 p.
299 3637 356 3683 997.
368 3633 414 3682 hos
426 3634 496 3697 ipsos
506 3648 596 3683 versus
607 3634 723 3695 adducit,
734 3641 763 3683 nt
772 3633 850 3683 hodie
860 3631 990 3694 feruntur,
1009 3632 1145 3682 deterrere

96 3697 137 3746 uit
147 3698 227 3746 virum
238 3697 355 3758 doctum,
365 3712 398 3746 oe
406 3703 444 3748 sot
454 3698 502 3746 scio
512 3698 554 3748 hic
565 3698 719 3759 intruderet,
734 3699 778 3747 nbi
788 3698 845 3761 ipse
856 3698 919 3746 nihil
931 3697 1042 3746 sciebat.
1069 3697 1146 3772 liices

96 3761 174 3810 ieiuni
193 3762 307 3824 codices,
322 3762 455 3826 nostrique
475 3776 578 3812 omnesr
597 3769 625 3811 et
644 3761 707 3810 dicet
725 3762 767 3810 ine
790 3771 844 3811 turn
855 3768 905 3811 est.
937 3762 1053 3824 depone,
1069 3761 1144 3811 drecs.

96 3833 120 3876 rt.
140 3841 215 3889 qrrcrn
226 3828 329 3876 ornnino
340 3827 458 3890 sequitur
469 3826 540 3875 Peri.
573 3826 658 3883 Dices,
673 3777 839 3887 Proeutiujus
849 3825 989 3887 rabiesque
999 3823 1066 3872 doiit
1076 3825 1144 3874 iilum

96 3889 226 3950 unisuisse
237 3893 316 3940 Both.
332 3891 404 3954 Dicet
416 3891 513 3940 Z.-10
530 3891 607 3940 Bodi.
627 3890 660 3940 G.
680 3897 707 3941 et
724 3891 780 3940 ΕΡ.
796 3889 1145 3950 utiliumDiDeoequesenem

96 3970 121 4004 es
135 3957 245 4016 pudent.
280 3954 354 4004 Idem
372 3969 405 4003 ex
427 3954 487 4004 Vet·
507 3953 573 4005 Cod.
592 3953 682 4004 laudat
700 3954 775 4004 Lind.
801 3952 900 4001 Peneus
916 3967 995 4002 senem
1011 3957 1098 4000 tuetur
1110 3967 1144 4002 err

96 4020 109 4067 Ι.
125 4019 219 4067 omisso
236 4034 323 4070 omnes.
356 4019 400 4069 Ita
418 4025 446 4068 et
465 4019 517 4068 Ms.
537 4018 609 4075 Lios.
630 4020 707 4069 ulter.
726 4021 799 4067 West.
833 4016 930 4066 Serrium
942 4032 957 4066 c
969 4016 1073 4065 Donato
1084 4025 1143 4068 est:

96 4099 128 4143 m,
139 4085 219 4132 nostri
232 4099 329 4143 omnes,
340 4091 377 4143 et,
388 4091 418 4133 ut
430 4082 518 4143 credo,
529 4080 681 4133 Fuit-niani:
697 4082 743 4132 sed
756 4080 967 4144 dissimulet-iile,
979 4094 1010 4128 ne
1022 4079 1144 4132 Bembiui

96 4147 259 4198 sminuotur.
294 4149 383 4198 Nostri
399 4148 477 4197 etism
497 4148 609 4198 universi
629 4162 688 4198 cum
707 4146 775 4197 Edu.
793 4153 859 4196 vett.
877 4161 956 4195 omnes
974 4143 1083 4209 hebent,
1101 4149 1143 4196 rei
