2678 4702
345 310 503 360 ANDRlAE
527 313 613 362 AG'l'.
637 313 662 362 1.
685 312 738 362 SC.
763 314 786 359 1.

96 471 111 515 s
127 452 323 535 objurgandi
337 471 441 516 causa
456 453 513 529 sit,
533 453 562 516 si
577 452 727 533 deneget.
788 460 791 466 '

96 556 127 619 ul
141 554 324 617 sceleratus
339 554 457 616 Davus
473 553 503 615 si
519 553 599 636 quid
613 553 734 618 consili

96 662 151 732 ret,
166 662 204 718 ut
218 660 397 718 consumat
410 673 512 732 nuno,
529 673 606 718 cum
621 655 704 719 nihil
718 656 832 720 obsint
846 653 937 721 doli:
1041 672 1043 676 ’

96 776 132 818 rm
150 775 212 836 ego
225 756 326 819 oredo
342 755 499 819 manibus
514 755 723 839 pedibusque
739 758 863 821 obnixe
876 756 990 821 omnia

96 864 223 932 turum3
245 857 353 938 magis
368 855 403 918 id
420 855 517 934 adeo,
530 856 614 920 mihi
628 863 668 920 ut
681 856 917 935 incommodet,
1053 854 1121 921 135

96 977 131 1020 ¹m
148 965 185 1020 ut
200 958 405 1040 obsequatur
417 962 529 1038 gnata
561 956 620 1021 So.
636 956 877 1042 Quapropter?
908 957 958 1021 Sl.
975 954 1120 1037 Rogasi

96 1079 117 1120 a
131 1079 237 1135 mens,
253 1061 362 1123 malus
378 1059 526 1124 animus:
549 1078 650 1142 quem
664 1060 797 1143 quidem
814 1078 878 1139 ego
893 1058 922 1122 si
938 1059 1093 1124 sensero!

102 1159 182 1241 quid
198 1179 287 1241 opus
301 1167 355 1223 est
368 1159 506 1224 verbisl
551 1159 611 1223 Sin
625 1161 770 1237 eveniat,
786 1158 878 1242 quod
893 1159 989 1236 volo,

96 1259 255 1342 'amphilo
270 1268 309 1324 ut
324 1262 405 1325 nihil
418 1263 464 1325 sit
475 1280 590 1338 morse,
605 1267 708 1326 restat
722 1259 890 1338 Chremes,

104 1361 185 1423 mihi
199 1361 385 1425 exorandus
400 1367 473 1441 est3
496 1370 533 1425 et
546 1382 646 1445 spero
663 1362 810 1426 confore.
1053 1361 1119 1424 140

96 1481 120 1524 rc
136 1469 229 1524 tuum
245 1469 296 1527 est
311 1462 470 1542 officium,
485 1465 546 1528 has
561 1466 644 1529 bene
658 1473 698 1529 ut
713 1463 892 1529 assimules
906 1463 1061 1546 nuptias:

97 1563 275 1626 errefacias
287 1564 440 1630 Davum:
464 1566 619 1630 observes
633 1565 751 1642 filium,

96 1663 114 1726 d
130 1669 222 1743 agat,
237 1664 318 1747 quid
333 1684 410 1728 cum
425 1664 486 1732 illo
502 1665 637 1729 consilii
653 1669 776 1748 captet.
821 1663 883 1728 So.
907 1662 970 1729 Sat
984 1669 1045 1729 est.

96 1860 112 1893 u
121 1844 235 1894 luteum:
250 1846 272 1895 si
282 1861 364 1909 nempe
373 1862 471 1896 uxorem
481 1852 586 1897 recuset:
603 1852 655 1896 turn
661 1848 734 1897 aium
744 1851 772 1896 st
782 1850 910 1898 sceleratus
920 1850 1015 1911 Dauus,
1026 1849 1049 1898 si
1060 1865 1118 1913 quos

96 1923 113 1956 es
122 1911 276 1971 excogitavit,
286 1925 326 1959 eus
337 1916 400 1960 totus
410 1912 519 1975 ffundut
529 1927 538 1968 ‚·
552 1914 662 1974 quonium
673 1913 733 1961 milei
741 1927 804 1961 aare
815 1928 896 1961 rosere
906 1915 956 1976 ejus
966 1909 1012 1964 sorr
1020 1919 1118 1976 possunt

96 1987 162 2035 poem
172 1988 216 2035 ego
227 1977 296 2023 eredo
303 1975 361 2023 totis
370 1975 461 2024 uiribus
472 1981 608 2023 senmurum
617 1976 693 2036 magis
704 1981 767 2024 certe
776 1981 872 2037 propter
882 1977 917 2038 id,
927 1983 954 2025 ut
963 1977 1022 2026 milti
1031 1978 1118 2026 inrum-

95 2053 184 2099 ,quum
193 2042 219 2085 ut
230 2038 437 2104 obsequularfilio.
456 2040 502 2087 So.
516 2037 683 2100 Quapropter?
699 2039 738 2088 Sr.
752 2037 868 2093 Quoerisi
884 2041 947 2089 mulo
959 2055 1032 2100 mens,
1043 2041 1119 2089 mulus

97 2102 170 2161 sv‘us
179 2103 210 2149 ad
220 2104 246 2151 id
256 2105 394 2152 credendum
405 2118 441 2151 me
451 2103 590 2165 impellant:
607 2117 674 2164 quem
681 2103 775 2164 quidem
785 2118 829 2163 ego
840 2103 862 2150 si
873 2117 966 2152 sensero
973 2104 1031 2152 meu
1042 2104 1118 2152 masi-

96 2166 188 2224 sistere,
198 2166 345 2214 acerbissime
355 2183 406 2215 eum
417 2168 528 2228 persium:
544 2168 586 2214 sed
596 2167 653 2228 quid
660 2167 767 2229 pluribus
776 2166 855 2216 uerbis
868 2181 925 2228 opus
934 2165 991 2217 est?
1013 2167 1059 2216 Sia
1069 2181 1121 2216 ere·

96 2231 254 2291 desudante,
269 2237 298 2279 ut
306 2232 332 2279 iu
344 2232 470 2294 pomptus
477 2233 542 2280 aulis
551 2233 657 2279 sitmora
669 2231 768 2294 ruptiis,
777 2236 852 2281 restat
861 2232 972 2281 Clsrrmes
981 2233 1120 2294 plorandus,

96 2293 238 2356 sperofacile
248 2301 450 2344 meexoruturum.
484 2297 555 2343 Nuus
565 2302 632 2343 taum
643 2301 676 2343 est
688 2297 797 2360 efficium,
808 2302 834 2344 ut
845 2297 886 2344 ltus
897 2297 954 2344 berre
964 2297 1119 2355 simulessoru

96 2373 129 2415 ως
143 2357 323 2419 perterrefacias
339 2360 444 2421 Durum,
454 2360 559 2409 observes
574 2361 631 2421 quid
642 2359 722 2418 furiat
727 2360 805 2421 filius,
815 2361 872 2422 qaid
883 2361 976 2409 orontii
986 2377 1038 2409 cum
1049 2361 1119 2409 Duos

478 2502 660 2522 ”vunnu

96 2599 436 2660 —131DenegarBu-1ss
456 2601 552 2651 Obsint.
577 2602 619 2651 ltu
640 2601 703 2650 Mss.
722 2608 750 2650 et
770 2599 830 2650 edd.
846 2605 961 2661 veteres,
977 2615 1039 2664 quas
1056 2601 1120 2664 vidi,

96 2676 116 2711 s.
150 2663 195 2711 Fa.
205 2663 289 2712 obsunt
301 2664 421 2727 malebat,
433 2666 474 2714 cui
490 2665 631 2715 assentitur
642 2666 710 2728 osy.
745 2666 805 2714 Nou
815 2666 893 2725 male,
905 2665 953 2715 nisi
963 2666 1121 2716 auctoritate

96 2734 233 2775 merentur.
253 2729 329 2778 West.
364 2729 408 2776 Fa.
420 2736 511 2778 eontra
522 2730 601 2781 codd.
614 2745 677 2792 quos
690 2736 717 2778 et
726 2729 782 2791 ipse
794 2736 821 2777 et
832 2743 881 2792 ego
892 2729 1012 2787 vidimus,
1022 2731 1121 2779 mavult

96 2805 105 2838 s
124 2792 176 2851 legi
193 2792 277 2841 obsunt
293 2807 340 2854 pro
357 2793 529 2855 conjunctivo.
562 2793 630 2854 Ne'u,
648 2793 709 2858 qiud
732 2795 847 2850 intersit,
867 2793 950 2842 video.
963 2794 1121 2843 Besa-134

96 2855 262 2918 »pedibusque
296 2857 347 2905 Sed
359 2857 436 2905 codd.
449 2859 540 2918 nostri,
550 2867 647 2920 praeter
657 2857 718 2906 Hel.
736 2863 760 2905 et
776 2857 882 2918 pedidus.
910 2856 1010 2918 Copula
1027 2858 1123 2907 omissa

98 2919 211 2969 revedit
222 2920 313 2970 oratio.
348 2921 510 2971 ViditBent.
525 2922 681 2971 Bora—135
700 2922 836 2981 Fortunam,
847 2919 933 2979 magis,
952 2921 978 2970 id
993 2924 1051 2969 odeo
1061 2922 1123 2970 mili

96 2985 149 3032 *138
166 2982 281 3033 SineBr.
315 2983 545 3036 SineutGuelfil.
570 2988 603 3041 Q.
613 2987 663 3034 uolo
673 2987 699 3034 in
710 2985 844 3046 Pamphilo,
860 2989 889 3031 ut
905 2983 966 3032 nibil
982 2987 1016 3033 sit
1034 2999 1123 3040 morse,-

96 3047 121 3096 U.
139 3047 267 3098 Br.—lll
285 3047 388 3098 Simules
406 3050 495 3101 Guelf.
506 3055 612 3101 2.-144
629 3049 702 3099 vict.
721 3063 813 3112 mesu.
830 3049 932 3096 Perlet.
965 3048 1008 3097 Sic
1020 3048 1121 3098 Br.ubi

519 3189 626 3241 NOTAE

96 3293 99 3331 i
124 3288 209 3349 Magis
229 3287 256 3335 id
273 3288 342 3350 odeo]
362 3287 472 3338 ‘Adeof
494 3301 551 3350 pro,
591 3285 715 3349 piendum
733 3284 858 3334 adbibita.
883 3285 1020 3335 Terentius
1039 3283 1121 3335 infra:

97 3398 104 3424 ,
122 3364 178 3410 siue
198 3363 283 3412 dubio.
302 3364 397 3426 virgil.
417 3378 437 3412 r.
455 3363 552 3427 Georg.
591 3363 730 3424 ‘Propera
742 3361 808 3412 adeo
826 3377 934 3426 puerum
952 3363 1044 3412 tollere
1060 3363 1121 3411 hine

99 3445 153 3486 tum
183 3439 247 3486 adeo
274 3440 362 3487 rastris
391 3441 481 3503 glebas
507 3439 551 3503 qui
591 3441 710 3505 ejunus!

96 3515 116 3564 it
132 3514 249 3564 inertes!
276 3515 355 3578 Saepe
374 3517 482 3565 sumitur
494 3530 550 3578 pro,
624 3519 672 3564 137
693 3517 768 3571 Quem
791 3517 885 3579 quidem
906 3530 950 3577 ego
975 3515 998 3564 si
1018 3514 1123 3578 smeero]

96 3605 133 3649 re,
141 3590 253 3638 maxime
259 3591 468 3654 apudPlautum.
485 3592 551 3640 Sub·
592 3591 641 3640 Est
652 3593 817 3641 comminatio
826 3607 873 3655 per
884 3591 1058 3655 reticentiam,
1068 3591 1123 3638 sire

96 3681 115 3715 m
132 3674 192 3729 post
209 3665 321 3731 ‘atque'
334 3673 411 3728 auget
422 3666 550 3730 signifiea-
591 3665 761 3725 ἀποσιώπησιν.
789 3666 1002 3727 Convenltvirato
1019 3666 1076 3713 haee
1092 3663 1122 3712 li·

96 3757 128 3793 ru.
156 3741 249 3790 Cicero
265 3757 312 3804 pro
333 3742 469 3790 Cluentius
487 3742 551 3791 ‘De
592 3757 664 3806 gum.
689 3742 763 3791 ldem
774 3743 911 3792 Terentius
931 3743 958 3790 iu
975 3742 1042 3790 Eun.
1058 3738 1123 3789 Act.

96 3824 167 3880 itque
179 3819 243 3865 adeo
262 3816 296 3865 de
315 3817 422 3866 civitate
433 3817 551 3866 sublatus
591 3831 619 3867 v.
629 3820 673 3873 sa
682 3824 705 3869 ὅ.
735 3820 743 3847 ‘
756 3820 813 3881 Ego
825 3826 852 3867 te
869 3815 994 3867 furcifer!
1013 3815 1034 3863 si
1046 3816 1122 3875 vir03

104 3891 186 3956 Apud
198 3891 316 3941 Comicus
327 3906 397 3954 saepe
412 3899 454 3941 est
471 3891 551 3954 parti·
592 3895 638 3943 sed
650 3892 729 3956 istud,
748 3893 870 3958 quiequid
889 3897 937 3952 est,
956 3890 1066 3953 primum
1078 3903 1122 3936 ex·

96 3967 217 4027 unativs,
227 3980 270 4014 seu
283 3967 423 4029 expletiva,
439 3965 503 4014 nibil
518 3965 551 4015 ad
592 3971 672 4034 pedi?
694 3965 1074 4032 Subiutelligendum,puniam,
1084 3966 1123 4015 ul-

96 4061 122 4094 m
132 4041 281 4107 conferens,
292 4044 339 4093 sed
356 4043 398 4099 vel
413 4042 445 4092 sd
458 4057 553 4092 sermo·
592 4046 687 4111 circas,
696 4048 738 4096 vel
748 4044 809 4109 quid
822 4042 913 4091 simile.

96 4125 218 4183 nuatum,
243 4120 285 4169 rel
311 4119 344 4169 sd
371 4126 482 4169 metrum
506 4133 551 4168 ex·
