<?xml version="1.0" encoding="UTF-8"?>
<!DOCTYPE html PUBLIC "-//W3C//DTD XHTML 1.0 Transitional//EN"
    "http://www.w3.org/TR/xhtml1/DTD/xhtml1-transitional.dtd">
<html xmlns="http://www.w3.org/1999/xhtml" xml:lang="en" lang="en">
 <head>
  <title>
</title>
<meta http-equiv="Content-Type" content="text/html;charset=utf-8" />
  <meta name='ocr-system' content='tesseract 3.04.00' />
  <meta name='ocr-capabilities' content='ocr_page ocr_carea ocr_par ocr_line ocrx_word'/>
</head>
<body>
  <div class='ocr_page' id='page_1' title='image "./comoedisex03westgoog_0450.png"; bbox 0 0 2678 4702; ppageno 0'>
   <div class='ocr_carea' id='block_1_1' title="bbox 327 304 1133 385">
    <p class='ocr_par' dir='ltr' id='par_1_1' title="bbox 327 304 1133 385">
     <span class='ocr_line' id='line_1_1' title="bbox 327 304 1133 385; baseline 0.001 -2"><span class='ocrx_word' id='word_1_1' title='bbox 327 329 499 385; x_wconf 79' lang='lat' dir='ltr'><strong>aunuum</strong></span> <span class='ocrx_word' id='word_1_2' title='bbox 522 334 607 383; x_wconf 81' lang='lat' dir='ltr'><strong>nor.</strong></span> <span class='ocrx_word' id='word_1_3' title='bbox 633 335 674 382; x_wconf 94' lang='grc' dir='ltr'><strong>ιι.</strong></span> <span class='ocrx_word' id='word_1_4' title='bbox 696 335 748 384; x_wconf 88' lang='lat' dir='ltr'><strong>so.</strong></span> <span class='ocrx_word' id='word_1_5' title='bbox 772 335 813 383; x_wconf 88' lang='grc' dir='ltr'><strong>ιι.</strong></span> <span class='ocrx_word' id='word_1_6' title='bbox 1064 304 1133 384; x_wconf 72' lang='lat' dir='ltr'><strong>aaa</strong></span> 
     </span>
    </p>
   </div>
   <div class='ocr_carea' id='block_1_2' title="bbox 29 476 1134 1256">
    <p class='ocr_par' dir='ltr' id='par_1_2' title="bbox 31 476 988 562">
     <span class='ocr_line' id='line_1_2' title="bbox 31 476 988 562; baseline -0.001 -18"><span class='ocrx_word' id='word_1_7' title='bbox 31 477 103 544; x_wconf 84' lang='lat' dir='ltr'><strong>Nae</strong></span> <span class='ocrx_word' id='word_1_8' title='bbox 117 485 154 543; x_wconf 93' lang='lat' dir='ltr'><strong>tu</strong></span> <span class='ocrx_word' id='word_1_9' title='bbox 168 478 265 555; x_wconf 73' lang='lat' dir='ltr'><strong>istac,</strong></span> <span class='ocrx_word' id='word_1_10' title='bbox 277 479 372 555; x_wconf 83' lang='lat' dir='ltr'><strong>laxo,</strong></span> <span class='ocrx_word' id='word_1_11' title='bbox 388 476 539 543; x_wconf 82' lang='lat' dir='ltr'><strong>calcibus</strong></span> <span class='ocrx_word' id='word_1_12' title='bbox 553 496 646 562; x_wconf 78' lang='lat' dir='ltr'><strong>saepe</strong></span> <span class='ocrx_word' id='word_1_13' title='bbox 661 476 841 542; x_wconf 82' lang='lat' dir='ltr'><strong>insultabis</strong></span> <span class='ocrx_word' id='word_1_14' title='bbox 855 477 988 543; x_wconf 85' lang='lat' dir='ltr'><strong>frustra.</strong></span> 
     </span>
    </p>

    <p class='ocr_par' dir='ltr' id='par_1_3' title="bbox 31 579 1132 760">
     <span class='ocr_line' id='line_1_3' title="bbox 31 579 1131 659; baseline -0.002 -13"><span class='ocrx_word' id='word_1_15' title='bbox 31 579 106 647; x_wconf 74' lang='lat' dir='ltr'><strong>GN·</strong></span> <span class='ocrx_word' id='word_1_16' title='bbox 129 580 239 645; x_wconf 87' lang='lat' dir='ltr'><strong>Etiam</strong></span> <span class='ocrx_word' id='word_1_17' title='bbox 262 601 349 644; x_wconf 89' lang='lat' dir='ltr'><strong>nunc</strong></span> <span class='ocrx_word' id='word_1_18' title='bbox 373 580 428 644; x_wconf 89' lang='lat' dir='ltr'><strong>hio</strong></span> <span class='ocrx_word' id='word_1_19' title='bbox 452 585 534 659; x_wconf 87' lang='lat' dir='ltr'><strong>stas,</strong></span> <span class='ocrx_word' id='word_1_20' title='bbox 560 581 727 644; x_wconf 81' lang='lat' dir='ltr'><strong>Parmeno</strong></span> <span class='ocrx_word' id='word_1_21' title='bbox 742 581 757 643; x_wconf 81' lang='lat' dir='ltr'><strong>t</strong></span> <span class='ocrx_word' id='word_1_22' title='bbox 788 579 870 645; x_wconf 90' lang='lat' dir='ltr'><strong>eho!</strong></span> <span class='ocrx_word' id='word_1_23' title='bbox 905 599 1062 644; x_wconf 84' lang='lat' dir='ltr'><strong>numnam</strong></span> <span class='ocrx_word' id='word_1_24' title='bbox 1075 579 1131 644; x_wconf 89' lang='lat' dir='ltr'><strong>hic</strong></span> 
     </span>
     <span class='ocr_line' id='line_1_4' title="bbox 162 682 1132 760; baseline 0.002 -16"><span class='ocrx_word' id='word_1_25' title='bbox 162 683 300 746; x_wconf 88' lang='lat' dir='ltr'><strong>relictus</strong></span> <span class='ocrx_word' id='word_1_26' title='bbox 316 686 440 760; x_wconf 88' lang='lat' dir='ltr'><strong>custos,</strong></span> <span class='ocrx_word' id='word_1_27' title='bbox 487 689 489 694; x_wconf 76' lang='grc'>’</span> <span class='ocrx_word' id='word_1_28' title='bbox 1087 682 1132 746; x_wconf 83' lang='grc'><strong>55</strong></span> 
     </span>
    </p>

    <p class='ocr_par' dir='ltr' id='par_1_4' title="bbox 31 778 1130 867">
     <span class='ocr_line' id='line_1_5' title="bbox 31 778 1130 867; baseline -0.004 -18"><span class='ocrx_word' id='word_1_29' title='bbox 31 782 89 849; x_wconf 87' lang='lat' dir='ltr'><strong>Ne</strong></span> <span class='ocrx_word' id='word_1_30' title='bbox 103 784 180 867; x_wconf 92' lang='lat' dir='ltr'><strong>quis</strong></span> <span class='ocrx_word' id='word_1_31' title='bbox 194 780 279 847; x_wconf 85' lang='lat' dir='ltr'><strong>forte</strong></span> <span class='ocrx_word' id='word_1_32' title='bbox 293 782 515 849; x_wconf 80' lang='lat' dir='ltr'><strong>internuntius</strong></span> <span class='ocrx_word' id='word_1_33' title='bbox 537 785 623 850; x_wconf 88' lang='lat' dir='ltr'><strong>clarn</strong></span> <span class='ocrx_word' id='word_1_34' title='bbox 638 805 660 850; x_wconf 93' lang='lat' dir='ltr'><strong>a</strong></span> <span class='ocrx_word' id='word_1_35' title='bbox 673 783 779 849; x_wconf 87' lang='lat' dir='ltr'><strong>milite</strong></span> <span class='ocrx_word' id='word_1_36' title='bbox 795 783 839 849; x_wconf 91' lang='lat' dir='ltr'><strong>ad</strong></span> <span class='ocrx_word' id='word_1_37' title='bbox 855 783 954 848; x_wconf 92' lang='lat' dir='ltr'><strong>istam</strong></span> <span class='ocrx_word' id='word_1_38' title='bbox 969 778 1130 848; x_wconf 87' lang='lat' dir='ltr'><strong>cursitetl</strong></span> 
     </span>
    </p>

    <p class='ocr_par' dir='ltr' id='par_1_5' title="bbox 29 884 1001 970">
     <span class='ocr_line' id='line_1_6' title="bbox 29 884 1001 970; baseline -0.001 -21"><span class='ocrx_word' id='word_1_39' title='bbox 29 884 101 949; x_wconf 76' lang='grc' dir='ltr'><strong>ΡΑ.</strong></span> <span class='ocrx_word' id='word_1_40' title='bbox 125 885 253 951; x_wconf 88' lang='lat' dir='ltr'><strong>Facete</strong></span> <span class='ocrx_word' id='word_1_41' title='bbox 268 885 412 952; x_wconf 89' lang='lat' dir='ltr'><strong>dictum:</strong></span> <span class='ocrx_word' id='word_1_42' title='bbox 434 888 518 952; x_wconf 89' lang='lat' dir='ltr'><strong>mira</strong></span> <span class='ocrx_word' id='word_1_43' title='bbox 532 907 614 954; x_wconf 85' lang='lat' dir='ltr'><strong>vero</strong></span> <span class='ocrx_word' id='word_1_44' title='bbox 627 887 726 953; x_wconf 88' lang='lat' dir='ltr'><strong>militi</strong></span> <span class='ocrx_word' id='word_1_45' title='bbox 741 905 818 970; x_wconf 88' lang='lat' dir='ltr'><strong>quae</strong></span> <span class='ocrx_word' id='word_1_46' title='bbox 834 885 1001 968; x_wconf 81' lang='lat' dir='ltr'><strong>placeant.</strong></span> 
     </span>
    </p>

    <p class='ocr_par' dir='ltr' id='par_1_6' title="bbox 29 985 929 1055">
     <span class='ocr_line' id='line_1_7' title="bbox 29 985 929 1055; baseline 0.002 -5"><span class='ocrx_word' id='word_1_47' title='bbox 29 985 101 1051; x_wconf 86' lang='lat' dir='ltr'><strong>Sed</strong></span> <span class='ocrx_word' id='word_1_48' title='bbox 116 987 215 1051; x_wconf 90' lang='lat' dir='ltr'><strong>video</strong></span> <span class='ocrx_word' id='word_1_49' title='bbox 230 987 370 1052; x_wconf 84' lang='lat' dir='ltr'><strong>herilem</strong></span> <span class='ocrx_word' id='word_1_50' title='bbox 384 988 489 1054; x_wconf 92' lang='lat' dir='ltr'><strong>filium</strong></span> <span class='ocrx_word' id='word_1_51' title='bbox 503 992 663 1055; x_wconf 89' lang='lat' dir='ltr'><strong>minorem</strong></span> <span class='ocrx_word' id='word_1_52' title='bbox 677 988 744 1053; x_wconf 90' lang='lat' dir='ltr'><strong>huo</strong></span> <span class='ocrx_word' id='word_1_53' title='bbox 759 987 929 1053; x_wconf 87' lang='lat' dir='ltr'><strong>advenire.</strong></span> 
     </span>
    </p>

    <p class='ocr_par' dir='ltr' id='par_1_7' title="bbox 32 1087 1134 1256">
     <span class='ocr_line' id='line_1_8' title="bbox 32 1087 1134 1174; baseline 0.001 -22"><span class='ocrx_word' id='word_1_54' title='bbox 32 1087 144 1153; x_wconf 87' lang='lat' dir='ltr'><strong>Miror</strong></span> <span class='ocrx_word' id='word_1_55' title='bbox 160 1089 244 1173; x_wconf 94' lang='lat' dir='ltr'><strong>qnid</strong></span> <span class='ocrx_word' id='word_1_56' title='bbox 260 1096 305 1153; x_wconf 77' lang='lat' dir='ltr'><strong>ex</strong></span> <span class='ocrx_word' id='word_1_57' title='bbox 318 1089 452 1155; x_wconf 87' lang='lat' dir='ltr'><strong>Piraeeo</strong></span> <span class='ocrx_word' id='word_1_58' title='bbox 468 1092 606 1174; x_wconf 84' lang='lat' dir='ltr'><strong>abierit;</strong></span> <span class='ocrx_word' id='word_1_59' title='bbox 633 1110 711 1156; x_wconf 92' lang='lat' dir='ltr'><strong>nam</strong></span> <span class='ocrx_word' id='word_1_60' title='bbox 731 1090 779 1154; x_wconf 90' lang='lat' dir='ltr'><strong>ibi</strong></span> <span class='ocrx_word' id='word_1_61' title='bbox 801 1096 918 1154; x_wconf 89' lang='lat' dir='ltr'><strong>custos</strong></span> <span class='ocrx_word' id='word_1_62' title='bbox 933 1087 1067 1172; x_wconf 88' lang='lat' dir='ltr'><strong>publice</strong></span> <span class='ocrx_word' id='word_1_63' title='bbox 1083 1094 1134 1153; x_wconf 93' lang='lat' dir='ltr'><strong>est</strong></span> 
     </span>
     <span class='ocr_line' id='line_1_9' title="bbox 162 1211 263 1256; baseline 0.04 -4"><span class='ocrx_word' id='word_1_64' title='bbox 162 1211 263 1256; x_wconf 92' lang='lat' dir='ltr'><strong>nunc.</strong></span> 
     </span>
    </p>
   </div>
   <div class='ocr_carea' id='block_1_3' title="bbox 29 1353 1135 1434">
    <p class='ocr_par' dir='ltr' id='par_1_8' title="bbox 29 1353 1135 1434">
     <span class='ocr_line' id='line_1_10' title="bbox 29 1353 1135 1434; baseline 0.002 -28"><span class='ocrx_word' id='word_1_65' title='bbox 29 1370 92 1434; x_wconf 65' lang='lat' dir='ltr'><strong>sape</strong></span> <span class='ocrx_word' id='word_1_66' title='bbox 108 1356 169 1408; x_wconf 83' lang='lat' dir='ltr'><strong>istas</strong></span> <span class='ocrx_word' id='word_1_67' title='bbox 184 1360 281 1422; x_wconf 81' lang='lat' dir='ltr'><strong>pedihus</strong></span> <span class='ocrx_word' id='word_1_68' title='bbox 293 1361 390 1420; x_wconf 83' lang='lat' dir='ltr'><strong>frastra</strong></span> <span class='ocrx_word' id='word_1_69' title='bbox 406 1363 493 1423; x_wconf 80' lang='lat' dir='ltr'><strong>pubes.</strong></span> <span class='ocrx_word' id='word_1_70' title='bbox 526 1362 582 1413; x_wconf 80' lang='lat' dir='ltr'><strong>Gn.</strong></span> <span class='ocrx_word' id='word_1_71' title='bbox 599 1359 682 1412; x_wconf 81' lang='lat' dir='ltr'><strong>Etiam</strong></span> <span class='ocrx_word' id='word_1_72' title='bbox 693 1353 803 1411; x_wconf 81' lang='lat' dir='ltr'><strong>nusciic</strong></span> <span class='ocrx_word' id='word_1_73' title='bbox 812 1374 901 1421; x_wconf 83' lang='lat' dir='ltr'><strong>meses,</strong></span> <span class='ocrx_word' id='word_1_74' title='bbox 912 1353 1050 1410; x_wconf 73' lang='lat' dir='ltr'><strong>Panaetio?</strong></span> <span class='ocrx_word' id='word_1_75' title='bbox 1064 1357 1135 1408; x_wconf 77' lang='lat' dir='ltr'><strong>Asse</strong></span> 
     </span>
    </p>
   </div>
   <div class='ocr_carea' id='block_1_4' title="bbox 30 1420 1136 1746">
    <p class='ocr_par' dir='ltr' id='par_1_9' title="bbox 30 1420 1136 1746">
     <span class='ocr_line' id='line_1_11' title="bbox 30 1420 1135 1490; baseline -0.001 -18"><span class='ocrx_word' id='word_1_76' title='bbox 30 1424 70 1472; x_wconf 80' lang='lat' dir='ltr'><strong>bre</strong></span> <span class='ocrx_word' id='word_1_77' title='bbox 78 1424 171 1486; x_wconf 81' lang='lat' dir='ltr'><strong>positus</strong></span> <span class='ocrx_word' id='word_1_78' title='bbox 182 1440 206 1473; x_wconf 87' lang='lat' dir='ltr'><strong>es</strong></span> <span class='ocrx_word' id='word_1_79' title='bbox 217 1430 303 1480; x_wconf 74' lang='lat' dir='ltr'><strong>matos,</strong></span> <span class='ocrx_word' id='word_1_80' title='bbox 315 1430 343 1472; x_wconf 91' lang='lat' dir='ltr'><strong>ut</strong></span> <span class='ocrx_word' id='word_1_81' title='bbox 353 1441 445 1486; x_wconf 81' lang='lat' dir='ltr'><strong>cnaeus,</strong></span> <span class='ocrx_word' id='word_1_82' title='bbox 458 1441 487 1476; x_wconf 84' lang='lat' dir='ltr'><strong>ne</strong></span> <span class='ocrx_word' id='word_1_83' title='bbox 504 1429 557 1490; x_wconf 78' lang='lat' dir='ltr'><strong>quis</strong></span> <span class='ocrx_word' id='word_1_84' title='bbox 572 1427 670 1476; x_wconf 64' lang='lat' dir='ltr'><strong>nundus</strong></span> <span class='ocrx_word' id='word_1_85' title='bbox 678 1431 766 1475; x_wconf 74' lang='lat' dir='ltr'><strong>secreto</strong></span> <span class='ocrx_word' id='word_1_86' title='bbox 776 1442 792 1474; x_wconf 89' lang='lat' dir='ltr'><strong>a</strong></span> <span class='ocrx_word' id='word_1_87' title='bbox 802 1425 885 1473; x_wconf 82' lang='lat' dir='ltr'><strong>Milite</strong></span> <span class='ocrx_word' id='word_1_88' title='bbox 895 1420 1003 1472; x_wconf 71' lang='lat' dir='ltr'><strong>celeriter</strong></span> <span class='ocrx_word' id='word_1_89' title='bbox 1012 1424 1044 1471; x_wconf 87' lang='lat' dir='ltr'><strong>ad</strong></span> <span class='ocrx_word' id='word_1_90' title='bbox 1060 1423 1135 1472; x_wconf 74' lang='lat' dir='ltr'><strong>laat-</strong></span> 
     </span>
     <span class='ocr_line' id='line_1_12' title="bbox 30 1486 1135 1552; baseline -0.001 -17"><span class='ocrx_word' id='word_1_91' title='bbox 30 1486 300 1546; x_wconf 73' lang='lat' dir='ltr'><strong>demmundutuseruti</strong></span> <span class='ocrx_word' id='word_1_92' title='bbox 334 1490 383 1538; x_wconf 81' lang='grc' dir='ltr'><strong>ΡΑ.</strong></span> <span class='ocrx_word' id='word_1_93' title='bbox 399 1491 530 1552; x_wconf 75' lang='lat' dir='ltr'><strong>Eleganter</strong></span> <span class='ocrx_word' id='word_1_94' title='bbox 546 1496 570 1539; x_wconf 83' lang='lat' dir='ltr'><strong>et</strong></span> <span class='ocrx_word' id='word_1_95' title='bbox 582 1491 663 1552; x_wconf 85' lang='lat' dir='ltr'><strong>facete</strong></span> <span class='ocrx_word' id='word_1_96' title='bbox 680 1492 777 1539; x_wconf 76' lang='lat' dir='ltr'><strong>dictum</strong></span> <span class='ocrx_word' id='word_1_97' title='bbox 811 1490 926 1538; x_wconf 76' lang='lat' dir='ltr'><strong>Mirrada</strong></span> <span class='ocrx_word' id='word_1_98' title='bbox 941 1503 1007 1549; x_wconf 83' lang='lat' dir='ltr'><strong>aere,</strong></span> <span class='ocrx_word' id='word_1_99' title='bbox 1018 1492 1042 1535; x_wconf 83' lang='lat' dir='ltr'><strong>et</strong></span> <span class='ocrx_word' id='word_1_100' title='bbox 1053 1486 1135 1548; x_wconf 69' lang='lat' dir='ltr'><strong>aqui·</strong></span> 
     </span>
     <span class='ocr_line' id='line_1_13' title="bbox 31 1551 1134 1618; baseline 0.002 -20"><span class='ocrx_word' id='word_1_101' title='bbox 31 1552 79 1599; x_wconf 87' lang='lat' dir='ltr'><strong>sita</strong></span> <span class='ocrx_word' id='word_1_102' title='bbox 89 1557 155 1614; x_wconf 83' lang='lat' dir='ltr'><strong>suat,</strong></span> <span class='ocrx_word' id='word_1_103' title='bbox 164 1567 216 1614; x_wconf 74' lang='lat' dir='ltr'><strong>qum</strong></span> <span class='ocrx_word' id='word_1_104' title='bbox 226 1553 293 1614; x_wconf 84' lang='lat' dir='ltr'><strong>dieis,</strong></span> <span class='ocrx_word' id='word_1_105' title='bbox 301 1558 326 1601; x_wconf 89' lang='lat' dir='ltr'><strong>et</strong></span> <span class='ocrx_word' id='word_1_106' title='bbox 336 1554 409 1614; x_wconf 69' lang='lat' dir='ltr'><strong>digno</strong></span> <span class='ocrx_word' id='word_1_107' title='bbox 419 1570 471 1617; x_wconf 75' lang='lat' dir='ltr'><strong>quc</strong></span> <span class='ocrx_word' id='word_1_108' title='bbox 481 1555 561 1603; x_wconf 78' lang='lat' dir='ltr'><strong>Militi</strong></span> <span class='ocrx_word' id='word_1_109' title='bbox 569 1557 686 1618; x_wconf 74' lang='lat' dir='ltr'><strong>placeam,</strong></span> <span class='ocrx_word' id='word_1_110' title='bbox 701 1560 750 1603; x_wconf 88' lang='lat' dir='ltr'><strong>tam</strong></span> <span class='ocrx_word' id='word_1_111' title='bbox 764 1553 858 1602; x_wconf 81' lang='lat' dir='ltr'><strong>subtilis</strong></span> <span class='ocrx_word' id='word_1_112' title='bbox 866 1558 887 1601; x_wconf 84' lang='lat' dir='ltr'><strong>et</strong></span> <span class='ocrx_word' id='word_1_113' title='bbox 899 1553 964 1601; x_wconf 86' lang='lat' dir='ltr'><strong>acuti</strong></span> <span class='ocrx_word' id='word_1_114' title='bbox 973 1551 1064 1613; x_wconf 78' lang='lat' dir='ltr'><strong>ingenii</strong></span> <span class='ocrx_word' id='word_1_115' title='bbox 1074 1552 1134 1600; x_wconf 83' lang='lat' dir='ltr'><strong>uiro.</strong></span> 
     </span>
     <span class='ocr_line' id='line_1_14' title="bbox 33 1614 1134 1680; baseline -0.001 -17"><span class='ocrx_word' id='word_1_116' title='bbox 33 1615 81 1664; x_wconf 77' lang='lat' dir='ltr'><strong>Sed</strong></span> <span class='ocrx_word' id='word_1_117' title='bbox 93 1614 160 1664; x_wconf 83' lang='lat' dir='ltr'><strong>rideo</strong></span> <span class='ocrx_word' id='word_1_118' title='bbox 170 1616 310 1680; x_wconf 81' lang='lat' dir='ltr'><strong>terijitium</strong></span> <span class='ocrx_word' id='word_1_119' title='bbox 321 1617 434 1666; x_wconf 79' lang='lat' dir='ltr'><strong>minorem</strong></span> <span class='ocrx_word' id='word_1_120' title='bbox 444 1622 503 1667; x_wconf 81' lang='lat' dir='ltr'><strong>autu</strong></span> <span class='ocrx_word' id='word_1_121' title='bbox 516 1619 637 1668; x_wconf 73' lang='lat' dir='ltr'><strong>Cinneam</strong></span> <span class='ocrx_word' id='word_1_122' title='bbox 646 1621 691 1667; x_wconf 85' lang='lat' dir='ltr'><strong>truc</strong></span> <span class='ocrx_word' id='word_1_123' title='bbox 701 1618 794 1667; x_wconf 78' lang='lat' dir='ltr'><strong>uenire:</strong></span> <span class='ocrx_word' id='word_1_124' title='bbox 812 1617 898 1666; x_wconf 86' lang='lat' dir='ltr'><strong>mirum</strong></span> <span class='ocrx_word' id='word_1_125' title='bbox 908 1622 944 1665; x_wconf 87' lang='lat' dir='ltr'><strong>est</strong></span> <span class='ocrx_word' id='word_1_126' title='bbox 955 1631 998 1664; x_wconf 82' lang='lat' dir='ltr'><strong>eur</strong></span> <span class='ocrx_word' id='word_1_127' title='bbox 1008 1630 1039 1664; x_wconf 79' lang='lat' dir='ltr'><strong>en</strong></span> <span class='ocrx_word' id='word_1_128' title='bbox 1052 1614 1134 1663; x_wconf 80' lang='lat' dir='ltr'><strong>Piroeo</strong></span> 
     </span>
     <span class='ocr_line' id='line_1_15' title="bbox 31 1679 1136 1746; baseline -0.001 -18"><span class='ocrx_word' id='word_1_129' title='bbox 31 1679 180 1729; x_wconf 61' lang='lat' dir='ltr'><strong>discurrit.-</strong></span> <span class='ocrx_word' id='word_1_130' title='bbox 196 1695 251 1729; x_wconf 81' lang='lat' dir='ltr'><strong>num</strong></span> <span class='ocrx_word' id='word_1_131' title='bbox 266 1681 301 1729; x_wconf 82' lang='lat' dir='ltr'><strong>iii</strong></span> <span class='ocrx_word' id='word_1_132' title='bbox 318 1687 397 1730; x_wconf 85' lang='lat' dir='ltr'><strong>eustos</strong></span> <span class='ocrx_word' id='word_1_133' title='bbox 416 1696 477 1732; x_wconf 83' lang='lat' dir='ltr'><strong>nunc</strong></span> <span class='ocrx_word' id='word_1_134' title='bbox 490 1683 583 1746; x_wconf 81' lang='lat' dir='ltr'><strong>publice</strong></span> <span class='ocrx_word' id='word_1_135' title='bbox 600 1683 692 1746; x_wconf 83' lang='lat' dir='ltr'><strong>positus</strong></span> <span class='ocrx_word' id='word_1_136' title='bbox 707 1687 760 1741; x_wconf 82' lang='lat' dir='ltr'><strong>est,·</strong></span> <span class='ocrx_word' id='word_1_137' title='bbox 778 1681 882 1730; x_wconf 81' lang='lat' dir='ltr'><strong>masiae</strong></span> <span class='ocrx_word' id='word_1_138' title='bbox 893 1695 963 1730; x_wconf 79' lang='lat' dir='ltr'><strong>ceusu</strong></span> <span class='ocrx_word' id='word_1_139' title='bbox 973 1679 1076 1730; x_wconf 75' lang='lat' dir='ltr'><strong>deseruit</strong></span> <span class='ocrx_word' id='word_1_140' title='bbox 1086 1682 1136 1727; x_wconf 83' lang='lat' dir='ltr'><strong>sta·</strong></span> 
     </span>
    </p>
   </div>
   <div class='ocr_carea' id='block_1_5' title="bbox 495 1825 673 1847">
    <p class='ocr_par' dir='ltr' id='par_1_10' title="bbox 495 1825 673 1847">
     <span class='ocr_line' id='line_1_16' title="bbox 495 1825 673 1847; baseline 0.006 -1"><span class='ocrx_word' id='word_1_141' title='bbox 495 1825 673 1847; x_wconf 58' lang='lat' dir='ltr'><strong>W!</strong></span> 
     </span>
    </p>
   </div>
   <div class='ocr_carea' id='block_1_6' title="bbox 27 1919 1140 2561">
    <p class='ocr_par' dir='ltr' id='par_1_11' title="bbox 27 1919 1140 2561">
     <span class='ocr_line' id='line_1_17' title="bbox 34 1919 1137 1986; baseline 0 -16"><span class='ocrx_word' id='word_1_142' title='bbox 34 1920 111 1970; x_wconf 83' lang='lat' dir='ltr'><strong>istam</strong></span> <span class='ocrx_word' id='word_1_143' title='bbox 122 1919 201 1967; x_wconf 92' lang='lat' dir='ltr'><strong>Both.</strong></span> <span class='ocrx_word' id='word_1_144' title='bbox 210 1919 282 1968; x_wconf 89' lang='lat' dir='ltr'><strong>Perl.</strong></span> <span class='ocrx_word' id='word_1_145' title='bbox 294 1920 339 1984; x_wconf 87' lang='lat' dir='ltr'><strong>qui</strong></span> <span class='ocrx_word' id='word_1_146' title='bbox 347 1927 436 1971; x_wconf 87' lang='lat' dir='ltr'><strong>monet</strong></span> <span class='ocrx_word' id='word_1_147' title='bbox 446 1921 471 1970; x_wconf 91' lang='lat' dir='ltr'><strong>id</strong></span> <span class='ocrx_word' id='word_1_148' title='bbox 482 1929 556 1972; x_wconf 85' lang='lat' dir='ltr'><strong>recte</strong></span> <span class='ocrx_word' id='word_1_149' title='bbox 565 1921 628 1970; x_wconf 78' lang='lat' dir='ltr'><strong>dare</strong></span> <span class='ocrx_word' id='word_1_150' title='bbox 647 1922 793 1973; x_wconf 68' lang='lat' dir='ltr'><strong>Beira-55</strong></span> <span class='ocrx_word' id='word_1_151' title='bbox 809 1923 868 1974; x_wconf 86' lang='lat' dir='ltr'><strong>er.</strong></span> <span class='ocrx_word' id='word_1_152' title='bbox 880 1922 962 1986; x_wconf 75' lang='lat' dir='ltr'><strong>legitt</strong></span> <span class='ocrx_word' id='word_1_153' title='bbox 981 1922 1064 1971; x_wconf 83' lang='lat' dir='ltr'><strong>Etiam</strong></span> <span class='ocrx_word' id='word_1_154' title='bbox 1075 1936 1137 1971; x_wconf 80' lang='lat' dir='ltr'><strong>auae</strong></span> 
     </span>
     <span class='ocr_line' id='line_1_18' title="bbox 33 1980 1137 2050; baseline 0 -17"><span class='ocrx_word' id='word_1_155' title='bbox 33 1986 58 2033; x_wconf 80' lang='lat' dir='ltr'><strong>iu</strong></span> <span class='ocrx_word' id='word_1_156' title='bbox 68 1984 110 2032; x_wconf 81' lang='lat' dir='ltr'><strong>hie</strong></span> <span class='ocrx_word' id='word_1_157' title='bbox 120 1980 192 2032; x_wconf 70' lang='lat' dir='ltr'><strong>das?</strong></span> <span class='ocrx_word' id='word_1_158' title='bbox 207 1984 236 2033; x_wconf 82' lang='lat' dir='ltr'><strong>P.</strong></span> <span class='ocrx_word' id='word_1_159' title='bbox 249 1984 348 2033; x_wconf 80' lang='lat' dir='ltr'><strong>Faber:</strong></span> <span class='ocrx_word' id='word_1_160' title='bbox 370 1986 452 2034; x_wconf 81' lang='lat' dir='ltr'><strong>Etiam</strong></span> <span class='ocrx_word' id='word_1_161' title='bbox 462 1992 525 2035; x_wconf 75' lang='lat' dir='ltr'><strong>nune</strong></span> <span class='ocrx_word' id='word_1_162' title='bbox 541 1985 651 2050; x_wconf 58' lang='lat' dir='ltr'><strong>hicgstas,</strong></span> <span class='ocrx_word' id='word_1_163' title='bbox 661 1984 811 2048; x_wconf 73' lang='lat' dir='ltr'><strong>anrmeuoi</strong></span> <span class='ocrx_word' id='word_1_164' title='bbox 827 2002 937 2035; x_wconf 78' lang='lat' dir='ltr'><strong>sumnum</strong></span> <span class='ocrx_word' id='word_1_165' title='bbox 954 1986 994 2034; x_wconf 83' lang='lat' dir='ltr'><strong>lu&#39;c</strong></span> <span class='ocrx_word' id='word_1_166' title='bbox 1004 1990 1031 2034; x_wconf 89' lang='lat' dir='ltr'><strong>tu</strong></span> <span class='ocrx_word' id='word_1_167' title='bbox 1038 1987 1137 2034; x_wconf 79' lang='lat' dir='ltr'><strong>relictus</strong></span> 
     </span>
     <span class='ocr_line' id='line_1_19' title="bbox 32 2043 1137 2113; baseline 0 -16"><span class='ocrx_word' id='word_1_168' title='bbox 32 2043 134 2097; x_wconf 66' lang='lat' dir='ltr'><strong>mussi</strong></span> <span class='ocrx_word' id='word_1_169' title='bbox 152 2046 238 2096; x_wconf 86' lang='lat' dir='ltr'><strong>deleto</strong></span> <span class='ocrx_word' id='word_1_170' title='bbox 249 2049 300 2105; x_wconf 80' lang='lat' dir='ltr'><strong>else,</strong></span> <span class='ocrx_word' id='word_1_171' title='bbox 313 2048 381 2112; x_wconf 88' lang='lat' dir='ltr'><strong>qnod</strong></span> <span class='ocrx_word' id='word_1_172' title='bbox 401 2051 427 2098; x_wconf 90' lang='lat' dir='ltr'><strong>iu</strong></span> <span class='ocrx_word' id='word_1_173' title='bbox 443 2050 518 2102; x_wconf 83' lang='lat' dir='ltr'><strong>Junt.</strong></span> <span class='ocrx_word' id='word_1_174' title='bbox 535 2063 587 2098; x_wconf 90' lang='lat' dir='ltr'><strong>nou</strong></span> <span class='ocrx_word' id='word_1_175' title='bbox 604 2064 733 2113; x_wconf 83' lang='lat' dir='ltr'><strong>appatere</strong></span> <span class='ocrx_word' id='word_1_176' title='bbox 752 2050 826 2099; x_wconf 89' lang='lat' dir='ltr'><strong>dicit.</strong></span> <span class='ocrx_word' id='word_1_177' title='bbox 859 2050 981 2112; x_wconf 75' lang='lat' dir='ltr'><strong>Apparet</strong></span> <span class='ocrx_word' id='word_1_178' title='bbox 1001 2057 1089 2098; x_wconf 85' lang='lat' dir='ltr'><strong>autem</strong></span> <span class='ocrx_word' id='word_1_179' title='bbox 1109 2049 1137 2097; x_wconf 92' lang='lat' dir='ltr'><strong>in</strong></span> 
     </span>
     <span class='ocr_line' id='line_1_20' title="bbox 32 2111 1138 2174; baseline -0.002 -12"><span class='ocrx_word' id='word_1_180' title='bbox 32 2111 151 2162; x_wconf 86' lang='lat' dir='ltr'><strong>aditione</strong></span> <span class='ocrx_word' id='word_1_181' title='bbox 162 2111 278 2174; x_wconf 89' lang='lat' dir='ltr'><strong>Philippi</strong></span> <span class='ocrx_word' id='word_1_182' title='bbox 297 2112 329 2160; x_wconf 88' lang='lat' dir='ltr'><strong>de</strong></span> <span class='ocrx_word' id='word_1_183' title='bbox 349 2112 458 2174; x_wconf 83' lang='lat' dir='ltr'><strong>Giunta,</strong></span> <span class='ocrx_word' id='word_1_184' title='bbox 479 2115 595 2163; x_wconf 87' lang='lat' dir='ltr'><strong>Floreat.</strong></span> <span class='ocrx_word' id='word_1_185' title='bbox 608 2118 681 2164; x_wconf 86' lang='grc'><strong>1505.</strong></span> <span class='ocrx_word' id='word_1_186' title='bbox 701 2115 750 2164; x_wconf 91' lang='lat' dir='ltr'><strong>boc</strong></span> <span class='ocrx_word' id='word_1_187' title='bbox 772 2113 868 2164; x_wconf 67' lang='lat' dir='ltr'><strong>modos</strong></span> <span class='ocrx_word' id='word_1_188' title='bbox 886 2113 969 2162; x_wconf 78' lang='lat' dir='ltr'><strong>Etiam</strong></span> <span class='ocrx_word' id='word_1_189' title='bbox 987 2118 1015 2160; x_wconf 91' lang='lat' dir='ltr'><strong>tu</strong></span> <span class='ocrx_word' id='word_1_190' title='bbox 1029 2112 1138 2172; x_wconf 66' lang='lat' dir='ltr'><strong>lienus,</strong></span> 
     </span>
     <span class='ocr_line' id='line_1_21' title="bbox 31 2172 1138 2236; baseline -0.002 -10"><span class='ocrx_word' id='word_1_191' title='bbox 31 2172 176 2226; x_wconf 70' lang='lat' dir='ltr'><strong>Parmeno?</strong></span> <span class='ocrx_word' id='word_1_192' title='bbox 193 2175 366 2236; x_wconf 62' lang='lat' dir='ltr'><strong>cinnamum</strong></span> <span class='ocrx_word' id='word_1_193' title='bbox 383 2181 411 2226; x_wconf 82' lang='lat' dir='ltr'><strong>ts</strong></span> <span class='ocrx_word' id='word_1_194' title='bbox 426 2176 466 2226; x_wconf 79' lang='lat' dir='ltr'><strong>iic</strong></span> <span class='ocrx_word' id='word_1_195' title='bbox 481 2178 578 2226; x_wconf 80' lang='lat' dir='ltr'><strong>relictus</strong></span> <span class='ocrx_word' id='word_1_196' title='bbox 597 2175 696 2228; x_wconf 73' lang='lat' dir='ltr'><strong>eustos?</strong></span> <span class='ocrx_word' id='word_1_197' title='bbox 722 2177 926 2228; x_wconf 84' lang='lat' dir='ltr'><strong>Wcaterhorius.</strong></span> <span class='ocrx_word' id='word_1_198' title='bbox 962 2177 1082 2225; x_wconf 83' lang='lat' dir='ltr'><strong>Etiumts</strong></span> <span class='ocrx_word' id='word_1_199' title='bbox 1099 2176 1138 2224; x_wconf 84' lang='lat' dir='ltr'><strong>hic</strong></span> 
     </span>
     <span class='ocr_line' id='line_1_22' title="bbox 32 2237 1140 2303; baseline -0.003 -12"><span class='ocrx_word' id='word_1_200' title='bbox 32 2245 88 2291; x_wconf 84' lang='lat' dir='ltr'><strong>stas</strong></span> <span class='ocrx_word' id='word_1_201' title='bbox 101 2237 238 2289; x_wconf 70' lang='lat' dir='ltr'><strong>Parmeno?</strong></span> <span class='ocrx_word' id='word_1_202' title='bbox 258 2240 300 2290; x_wconf 83' lang='lat' dir='ltr'><strong>eho</strong></span> <span class='ocrx_word' id='word_1_203' title='bbox 310 2255 421 2290; x_wconf 80' lang='lat' dir='ltr'><strong>numnam</strong></span> <span class='ocrx_word' id='word_1_204' title='bbox 431 2247 459 2290; x_wconf 81' lang='lat' dir='ltr'><strong>tu</strong></span> <span class='ocrx_word' id='word_1_205' title='bbox 470 2243 508 2291; x_wconf 81' lang='lat' dir='ltr'><strong>trie</strong></span> <span class='ocrx_word' id='word_1_206' title='bbox 522 2241 619 2291; x_wconf 83' lang='lat' dir='ltr'><strong>relictus</strong></span> <span class='ocrx_word' id='word_1_207' title='bbox 634 2247 721 2292; x_wconf 74' lang='lat' dir='ltr'><strong>curten</strong></span> <span class='ocrx_word' id='word_1_208' title='bbox 754 2242 833 2291; x_wconf 90' lang='lat' dir='ltr'><strong>Multi</strong></span> <span class='ocrx_word' id='word_1_209' title='bbox 846 2242 864 2290; x_wconf 91' lang='lat' dir='ltr'><strong>l.</strong></span> <span class='ocrx_word' id='word_1_210' title='bbox 874 2257 894 2292; x_wconf 90' lang='lat' dir='ltr'><strong>s.</strong></span> <span class='ocrx_word' id='word_1_211' title='bbox 911 2247 939 2290; x_wconf 93' lang='lat' dir='ltr'><strong>et</strong></span> <span class='ocrx_word' id='word_1_212' title='bbox 949 2241 975 2291; x_wconf 91' lang='lat' dir='ltr'><strong>in</strong></span> <span class='ocrx_word' id='word_1_213' title='bbox 987 2241 1026 2289; x_wconf 86' lang='lat' dir='ltr'><strong>bis</strong></span> <span class='ocrx_word' id='word_1_214' title='bbox 1036 2240 1140 2303; x_wconf 85' lang='lat' dir='ltr'><strong>antiqui</strong></span> 
     </span>
     <span class='ocr_line' id='line_1_23' title="bbox 29 2303 1136 2370; baseline -0.004 -14"><span class='ocrx_word' id='word_1_215' title='bbox 29 2317 124 2356; x_wconf 85' lang='lat' dir='ltr'><strong>omnes</strong></span> <span class='ocrx_word' id='word_1_216' title='bbox 137 2309 236 2366; x_wconf 77' lang='lat' dir='ltr'><strong>praeter</strong></span> <span class='ocrx_word' id='word_1_217' title='bbox 252 2303 327 2352; x_wconf 88' lang='lat' dir='ltr'><strong>Bem.</strong></span> <span class='ocrx_word' id='word_1_218' title='bbox 347 2305 467 2354; x_wconf 87' lang='lat' dir='ltr'><strong>neutrubi</strong></span> <span class='ocrx_word' id='word_1_219' title='bbox 489 2304 587 2355; x_wconf 85' lang='lat' dir='ltr'><strong>babent</strong></span> <span class='ocrx_word' id='word_1_220' title='bbox 608 2312 644 2368; x_wconf 89' lang='lat' dir='ltr'><strong>tu,</strong></span> <span class='ocrx_word' id='word_1_221' title='bbox 661 2306 707 2355; x_wconf 89' lang='lat' dir='ltr'><strong>sed</strong></span> <span class='ocrx_word' id='word_1_222' title='bbox 725 2320 773 2370; x_wconf 91' lang='lat' dir='ltr'><strong>pro</strong></span> <span class='ocrx_word' id='word_1_223' title='bbox 790 2306 876 2369; x_wconf 88' lang='lat' dir='ltr'><strong>priore</strong></span> <span class='ocrx_word' id='word_1_224' title='bbox 892 2304 1042 2356; x_wconf 77' lang='lat' dir='ltr'><strong>adverbium</strong></span> <span class='ocrx_word' id='word_1_225' title='bbox 1058 2309 1136 2361; x_wconf 67' lang='lat' dir='ltr'><strong>muner</strong></span> 
     </span>
     <span class='ocr_line' id='line_1_24' title="bbox 28 2367 1137 2434; baseline -0.002 -16"><span class='ocrx_word' id='word_1_226' title='bbox 28 2367 106 2434; x_wconf 80' lang='lat' dir='ltr'><strong>quod</strong></span> <span class='ocrx_word' id='word_1_227' title='bbox 116 2374 146 2416; x_wconf 83' lang='lat' dir='ltr'><strong>at</strong></span> <span class='ocrx_word' id='word_1_228' title='bbox 157 2367 281 2417; x_wconf 91' lang='lat' dir='ltr'><strong>locutioni</strong></span> <span class='ocrx_word' id='word_1_229' title='bbox 300 2375 327 2417; x_wconf 86' lang='lat' dir='ltr'><strong>et</strong></span> <span class='ocrx_word' id='word_1_230' title='bbox 347 2370 430 2418; x_wconf 83' lang='lat' dir='ltr'><strong>versui</strong></span> <span class='ocrx_word' id='word_1_231' title='bbox 449 2375 491 2418; x_wconf 90' lang='lat' dir='ltr'><strong>est</strong></span> <span class='ocrx_word' id='word_1_232' title='bbox 502 2370 599 2433; x_wconf 81' lang='lat' dir='ltr'><strong>aptius.</strong></span> <span class='ocrx_word' id='word_1_233' title='bbox 632 2370 665 2419; x_wconf 91' lang='lat' dir='ltr'><strong>In</strong></span> <span class='ocrx_word' id='word_1_234' title='bbox 682 2372 756 2420; x_wconf 87' lang='lat' dir='ltr'><strong>Bem.</strong></span> <span class='ocrx_word' id='word_1_235' title='bbox 768 2385 820 2420; x_wconf 89' lang='lat' dir='ltr'><strong>non</strong></span> <span class='ocrx_word' id='word_1_236' title='bbox 832 2375 874 2420; x_wconf 86' lang='lat' dir='ltr'><strong>est</strong></span> <span class='ocrx_word' id='word_1_237' title='bbox 889 2383 937 2419; x_wconf 84' lang='lat' dir='ltr'><strong>nee</strong></span> <span class='ocrx_word' id='word_1_238' title='bbox 948 2374 986 2429; x_wconf 85' lang='lat' dir='ltr'><strong>tu,</strong></span> <span class='ocrx_word' id='word_1_239' title='bbox 1003 2382 1053 2418; x_wconf 88' lang='lat' dir='ltr'><strong>nec</strong></span> <span class='ocrx_word' id='word_1_240' title='bbox 1068 2382 1137 2417; x_wconf 79' lang='lat' dir='ltr'><strong>ause.</strong></span> 
     </span>
     <span class='ocr_line' id='line_1_25' title="bbox 27 2431 1139 2497; baseline -0.002 -14"><span class='ocrx_word' id='word_1_241' title='bbox 27 2433 79 2483; x_wconf 83' lang='lat' dir='ltr'><strong>Fa.</strong></span> <span class='ocrx_word' id='word_1_242' title='bbox 114 2431 190 2480; x_wconf 88' lang='lat' dir='ltr'><strong>Unus</strong></span> <span class='ocrx_word' id='word_1_243' title='bbox 202 2444 236 2479; x_wconf 84' lang='lat' dir='ltr'><strong>ex</strong></span> <span class='ocrx_word' id='word_1_244' title='bbox 253 2431 418 2482; x_wconf 89' lang='lat' dir='ltr'><strong>nostriscum</strong></span> <span class='ocrx_word' id='word_1_245' title='bbox 434 2433 503 2482; x_wconf 84' lang='lat' dir='ltr'><strong>Edd.</strong></span> <span class='ocrx_word' id='word_1_246' title='bbox 521 2440 587 2483; x_wconf 88' lang='lat' dir='ltr'><strong>vett.</strong></span> <span class='ocrx_word' id='word_1_247' title='bbox 605 2434 688 2482; x_wconf 83' lang='lat' dir='ltr'><strong>Etiam</strong></span> <span class='ocrx_word' id='word_1_248' title='bbox 705 2440 733 2483; x_wconf 88' lang='lat' dir='ltr'><strong>tu</strong></span> <span class='ocrx_word' id='word_1_249' title='bbox 747 2433 787 2482; x_wconf 82' lang='lat' dir='ltr'><strong>irie</strong></span> <span class='ocrx_word' id='word_1_250' title='bbox 802 2439 861 2483; x_wconf 82' lang='lat' dir='ltr'><strong>stus.</strong></span> <span class='ocrx_word' id='word_1_251' title='bbox 894 2433 1015 2497; x_wconf 85' lang='lat' dir='ltr'><strong>Repone,</strong></span> <span class='ocrx_word' id='word_1_252' title='bbox 1024 2432 1139 2481; x_wconf 80' lang='lat' dir='ltr'><strong>Etiamne</strong></span> 
     </span>
     <span class='ocr_line' id='line_1_26' title="bbox 28 2495 1139 2561; baseline -0.005 -13"><span class='ocrx_word' id='word_1_253' title='bbox 28 2503 60 2548; x_wconf 89' lang='lat' dir='ltr'><strong>trs</strong></span> <span class='ocrx_word' id='word_1_254' title='bbox 81 2495 124 2544; x_wconf 78' lang='lat' dir='ltr'><strong>irie</strong></span> <span class='ocrx_word' id='word_1_255' title='bbox 139 2496 342 2554; x_wconf 68' lang='lat' dir='ltr'><strong>enarrarem?</strong></span> <span class='ocrx_word' id='word_1_256' title='bbox 374 2498 415 2545; x_wconf 84' lang='lat' dir='ltr'><strong>Ex</strong></span> <span class='ocrx_word' id='word_1_257' title='bbox 431 2512 460 2546; x_wconf 81' lang='lat' dir='ltr'><strong>m</strong></span> <span class='ocrx_word' id='word_1_258' title='bbox 477 2496 629 2559; x_wconf 83' lang='lat' dir='ltr'><strong>factumne,</strong></span> <span class='ocrx_word' id='word_1_259' title='bbox 645 2497 673 2546; x_wconf 90' lang='lat' dir='ltr'><strong>id</strong></span> <span class='ocrx_word' id='word_1_260' title='bbox 691 2505 740 2561; x_wconf 86' lang='lat' dir='ltr'><strong>est,</strong></span> <span class='ocrx_word' id='word_1_261' title='bbox 755 2513 826 2549; x_wconf 84' lang='lat' dir='ltr'><strong>nume.</strong></span> <span class='ocrx_word' id='word_1_262' title='bbox 843 2500 923 2548; x_wconf 89' lang='lat' dir='ltr'><strong>Bent.</strong></span> <span class='ocrx_word' id='word_1_263' title='bbox 955 2497 1042 2560; x_wconf 79' lang='lat' dir='ltr'><strong>Vulgo</strong></span> <span class='ocrx_word' id='word_1_264' title='bbox 1055 2495 1139 2544; x_wconf 80' lang='lat' dir='ltr'><strong>Etiam</strong></span> 
     </span>
    </p>
   </div>
   <div class='ocr_carea' id='block_1_7' title="bbox 25 2557 1218 2624">
    <p class='ocr_par' dir='ltr' id='par_1_12' title="bbox 25 2557 1218 2624">
     <span class='ocr_line' id='line_1_27' title="bbox 25 2557 1218 2624; baseline 0 -16"><span class='ocrx_word' id='word_1_265' title='bbox 25 2559 146 2614; x_wconf 57' lang='lat' dir='ltr'><strong>auchie</strong></span> <span class='ocrx_word' id='word_1_266' title='bbox 156 2563 216 2619; x_wconf 83' lang='lat' dir='ltr'><strong>stus,</strong></span> <span class='ocrx_word' id='word_1_267' title='bbox 226 2557 368 2610; x_wconf 75' lang='lat' dir='ltr'><strong>Parmeno?</strong></span> <span class='ocrx_word' id='word_1_268' title='bbox 382 2562 425 2610; x_wconf 79' lang='lat' dir='ltr'><strong>eie</strong></span> <span class='ocrx_word' id='word_1_269' title='bbox 434 2572 556 2624; x_wconf 77' lang='lat' dir='ltr'><strong>numnam,</strong></span> <span class='ocrx_word' id='word_1_270' title='bbox 565 2563 605 2624; x_wconf 67' lang='lat' dir='ltr'><strong>tre.</strong></span> <span class='ocrx_word' id='word_1_271' title='bbox 621 2561 832 2623; x_wconf 69' lang='lat' dir='ltr'><strong>invenusta2eliso</strong></span> <span class='ocrx_word' id='word_1_272' title='bbox 843 2561 954 2611; x_wconf 88' lang='lat' dir='ltr'><strong>nomine.</strong></span> <span class='ocrx_word' id='word_1_273' title='bbox 986 2561 1139 2610; x_wconf 77' lang='lat' dir='ltr'><strong>Bentnuse</strong></span> <span class='ocrx_word' id='word_1_274' title='bbox 1216 2609 1218 2614; x_wconf 80' lang='grc'><strong>,</strong></span> 
     </span>
    </p>
   </div>
   <div class='ocr_carea' id='block_1_8' title="bbox 26 2622 1141 3188">
    <p class='ocr_par' dir='ltr' id='par_1_13' title="bbox 26 2622 1141 3188">
     <span class='ocr_line' id='line_1_28' title="bbox 26 2622 1141 2690; baseline -0.004 -14"><span class='ocrx_word' id='word_1_275' title='bbox 26 2624 146 2684; x_wconf 85' lang='lat' dir='ltr'><strong>delevit,</strong></span> <span class='ocrx_word' id='word_1_276' title='bbox 162 2622 264 2673; x_wconf 88' lang='lat' dir='ltr'><strong>addidit</strong></span> <span class='ocrx_word' id='word_1_277' title='bbox 273 2628 301 2672; x_wconf 84' lang='lat' dir='ltr'><strong>tu</strong></span> <span class='ocrx_word' id='word_1_278' title='bbox 319 2637 352 2672; x_wconf 88' lang='lat' dir='ltr'><strong>ex</strong></span> <span class='ocrx_word' id='word_1_279' title='bbox 367 2639 419 2673; x_wconf 92' lang='lat' dir='ltr'><strong>nno</strong></span> <span class='ocrx_word' id='word_1_280' title='bbox 438 2625 495 2674; x_wconf 90' lang='lat' dir='ltr'><strong>cod.</strong></span> <span class='ocrx_word' id='word_1_281' title='bbox 514 2626 618 2690; x_wconf 90' lang='lat' dir='ltr'><strong>quicum</strong></span> <span class='ocrx_word' id='word_1_282' title='bbox 628 2624 726 2677; x_wconf 81' lang='lat' dir='ltr'><strong>facitB</strong></span> <span class='ocrx_word' id='word_1_283' title='bbox 743 2634 829 2677; x_wconf 81' lang='lat' dir='ltr'><strong>recte:</strong></span> <span class='ocrx_word' id='word_1_284' title='bbox 847 2626 894 2677; x_wconf 87' lang='lat' dir='ltr'><strong>sed</strong></span> <span class='ocrx_word' id='word_1_285' title='bbox 914 2627 1014 2676; x_wconf 86' lang='lat' dir='ltr'><strong>etiumse</strong></span> <span class='ocrx_word' id='word_1_286' title='bbox 1029 2638 1082 2673; x_wconf 89' lang='lat' dir='ltr'><strong>non</strong></span> <span class='ocrx_word' id='word_1_287' title='bbox 1102 2623 1141 2673; x_wconf 87' lang='lat' dir='ltr'><strong>in-</strong></span> 
     </span>
     <span class='ocr_line' id='line_1_29' title="bbox 28 2685 1141 2753; baseline -0.004 -13"><span class='ocrx_word' id='word_1_288' title='bbox 28 2685 187 2740; x_wconf 88' lang='lat' dir='ltr'><strong>ducendum</strong></span> <span class='ocrx_word' id='word_1_289' title='bbox 198 2701 231 2736; x_wconf 85' lang='lat' dir='ltr'><strong>ex</strong></span> <span class='ocrx_word' id='word_1_290' title='bbox 240 2702 291 2736; x_wconf 91' lang='lat' dir='ltr'><strong>uno</strong></span> <span class='ocrx_word' id='word_1_291' title='bbox 302 2687 380 2738; x_wconf 89' lang='lat' dir='ltr'><strong>Bent.</strong></span> <span class='ocrx_word' id='word_1_292' title='bbox 399 2689 507 2753; x_wconf 86' lang='lat' dir='ltr'><strong>scripto,</strong></span> <span class='ocrx_word' id='word_1_293' title='bbox 522 2691 619 2739; x_wconf 89' lang='lat' dir='ltr'><strong>nostris</strong></span> <span class='ocrx_word' id='word_1_294' title='bbox 635 2690 668 2753; x_wconf 90' lang='lat' dir='ltr'><strong>B,</strong></span> <span class='ocrx_word' id='word_1_295' title='bbox 684 2691 715 2753; x_wconf 89' lang='lat' dir='ltr'><strong>C,</strong></span> <span class='ocrx_word' id='word_1_296' title='bbox 726 2697 754 2740; x_wconf 89' lang='lat' dir='ltr'><strong>et</strong></span> <span class='ocrx_word' id='word_1_297' title='bbox 771 2697 836 2741; x_wconf 83' lang='lat' dir='ltr'><strong>vett.</strong></span> <span class='ocrx_word' id='word_1_298' title='bbox 853 2689 914 2740; x_wconf 89' lang='lat' dir='ltr'><strong>edd.</strong></span> <span class='ocrx_word' id='word_1_299' title='bbox 928 2704 987 2739; x_wconf 87' lang='lat' dir='ltr'><strong>uam</strong></span> <span class='ocrx_word' id='word_1_300' title='bbox 1001 2703 1089 2738; x_wconf 89' lang='lat' dir='ltr'><strong>versus</strong></span> <span class='ocrx_word' id='word_1_301' title='bbox 1101 2703 1141 2737; x_wconf 87' lang='lat' dir='ltr'><strong>re·</strong></span> 
     </span>
     <span class='ocr_line' id='line_1_30' title="bbox 28 2750 1140 2819; baseline -0.004 -15"><span class='ocrx_word' id='word_1_302' title='bbox 28 2752 120 2819; x_wconf 87' lang='lat' dir='ltr'><strong>spuit.</strong></span> <span class='ocrx_word' id='word_1_303' title='bbox 132 2750 206 2800; x_wconf 78' lang='lat' dir='ltr'><strong>Both.</strong></span> <span class='ocrx_word' id='word_1_304' title='bbox 216 2752 261 2814; x_wconf 88' lang='lat' dir='ltr'><strong>qni</strong></span> <span class='ocrx_word' id='word_1_305' title='bbox 271 2752 308 2801; x_wconf 89' lang='lat' dir='ltr'><strong>sic</strong></span> <span class='ocrx_word' id='word_1_306' title='bbox 320 2751 402 2815; x_wconf 79' lang='lat' dir='ltr'><strong>legit:</strong></span> <span class='ocrx_word' id='word_1_307' title='bbox 415 2752 476 2813; x_wconf 83' lang='lat' dir='ltr'><strong>Ehe,</strong></span> <span class='ocrx_word' id='word_1_308' title='bbox 486 2754 559 2802; x_wconf 88' lang='lat' dir='ltr'><strong>etiam</strong></span> <span class='ocrx_word' id='word_1_309' title='bbox 570 2758 597 2803; x_wconf 91' lang='lat' dir='ltr'><strong>tu</strong></span> <span class='ocrx_word' id='word_1_310' title='bbox 607 2755 647 2802; x_wconf 82' lang='lat' dir='ltr'><strong>irie</strong></span> <span class='ocrx_word' id='word_1_311' title='bbox 657 2759 716 2813; x_wconf 85' lang='lat' dir='ltr'><strong>stus,</strong></span> <span class='ocrx_word' id='word_1_312' title='bbox 726 2752 865 2805; x_wconf 70' lang='lat' dir='ltr'><strong>Parmeno?</strong></span> <span class='ocrx_word' id='word_1_313' title='bbox 875 2769 986 2804; x_wconf 83' lang='lat' dir='ltr'><strong>numnam</strong></span> <span class='ocrx_word' id='word_1_314' title='bbox 994 2753 1034 2801; x_wconf 79' lang='lat' dir='ltr'><strong>irie</strong></span> <span class='ocrx_word' id='word_1_315' title='bbox 1043 2753 1140 2801; x_wconf 77' lang='lat' dir='ltr'><strong>relictus</strong></span> 
     </span>
     <span class='ocr_line' id='line_1_31' title="bbox 27 2815 1139 2882; baseline -0.004 -14"><span class='ocrx_word' id='word_1_316' title='bbox 27 2821 123 2868; x_wconf 68' lang='lat' dir='ltr'><strong>mmm.</strong></span> <span class='ocrx_word' id='word_1_317' title='bbox 156 2816 277 2864; x_wconf 84' lang='lat' dir='ltr'><strong>Numnam</strong></span> <span class='ocrx_word' id='word_1_318' title='bbox 288 2820 315 2864; x_wconf 85' lang='lat' dir='ltr'><strong>tu</strong></span> <span class='ocrx_word' id='word_1_319' title='bbox 329 2816 369 2864; x_wconf 84' lang='lat' dir='ltr'><strong>lite</strong></span> <span class='ocrx_word' id='word_1_320' title='bbox 384 2816 445 2879; x_wconf 91' lang='lat' dir='ltr'><strong>Bip.</strong></span> <span class='ocrx_word' id='word_1_321' title='bbox 457 2818 536 2866; x_wconf 87' lang='lat' dir='ltr'><strong>Bant.</strong></span> <span class='ocrx_word' id='word_1_322' title='bbox 551 2818 670 2882; x_wconf 87' lang='lat' dir='ltr'><strong>sequitur</strong></span> <span class='ocrx_word' id='word_1_323' title='bbox 686 2815 794 2880; x_wconf 84' lang='lat' dir='ltr'><strong>Perlet;</strong></span> <span class='ocrx_word' id='word_1_324' title='bbox 811 2817 858 2867; x_wconf 87' lang='lat' dir='ltr'><strong>dat</strong></span> <span class='ocrx_word' id='word_1_325' title='bbox 869 2817 949 2868; x_wconf 88' lang='lat' dir='ltr'><strong>etlam</strong></span> <span class='ocrx_word' id='word_1_326' title='bbox 960 2815 1139 2865; x_wconf 64' lang='lat' dir='ltr'><strong>rehem—56</strong></span> 
     </span>
     <span class='ocr_line' id='line_1_32' title="bbox 31 2879 1141 2945; baseline -0.005 -13"><span class='ocrx_word' id='word_1_327' title='bbox 31 2881 151 2939; x_wconf 66' lang='lat' dir='ltr'><strong>cursitet</strong></span> <span class='ocrx_word' id='word_1_328' title='bbox 160 2879 228 2929; x_wconf 92' lang='lat' dir='ltr'><strong>Mss.</strong></span> <span class='ocrx_word' id='word_1_329' title='bbox 237 2879 340 2943; x_wconf 87' lang='lat' dir='ltr'><strong>quidam</strong></span> <span class='ocrx_word' id='word_1_330' title='bbox 352 2895 411 2930; x_wconf 89' lang='lat' dir='ltr'><strong>cnm</strong></span> <span class='ocrx_word' id='word_1_331' title='bbox 421 2881 552 2944; x_wconf 84' lang='lat' dir='ltr'><strong>impressis</strong></span> <span class='ocrx_word' id='word_1_332' title='bbox 564 2881 785 2945; x_wconf 77' lang='lat' dir='ltr'><strong>praestantissimis</strong></span> <span class='ocrx_word' id='word_1_333' title='bbox 801 2881 935 2932; x_wconf 85' lang='lat' dir='ltr'><strong>exhibent.</strong></span> <span class='ocrx_word' id='word_1_334' title='bbox 969 2879 1011 2928; x_wconf 85' lang='lat' dir='ltr'><strong>Ita</strong></span> <span class='ocrx_word' id='word_1_335' title='bbox 1028 2887 1056 2928; x_wconf 91' lang='lat' dir='ltr'><strong>et</strong></span> <span class='ocrx_word' id='word_1_336' title='bbox 1067 2880 1141 2942; x_wconf 90' lang='lat' dir='ltr'><strong>qnin-</strong></span> 
     </span>
     <span class='ocr_line' id='line_1_33' title="bbox 29 2943 1139 3012; baseline -0.003 -17"><span class='ocrx_word' id='word_1_337' title='bbox 29 2959 88 3012; x_wconf 89' lang='lat' dir='ltr'><strong>que</strong></span> <span class='ocrx_word' id='word_1_338' title='bbox 101 2943 193 2994; x_wconf 85' lang='lat' dir='ltr'><strong>Leidd.</strong></span> <span class='ocrx_word' id='word_1_339' title='bbox 206 2951 235 2992; x_wconf 91' lang='lat' dir='ltr'><strong>et</strong></span> <span class='ocrx_word' id='word_1_340' title='bbox 246 2945 300 2993; x_wconf 90' lang='lat' dir='ltr'><strong>Do.</strong></span> <span class='ocrx_word' id='word_1_341' title='bbox 333 2943 397 3004; x_wconf 88' lang='lat' dir='ltr'><strong>Alii,</strong></span> <span class='ocrx_word' id='word_1_342' title='bbox 408 2951 495 2995; x_wconf 81' lang='lat' dir='ltr'><strong>curset·</strong></span> <span class='ocrx_word' id='word_1_343' title='bbox 516 2946 598 2995; x_wconf 80' lang='lat' dir='ltr'><strong>West.</strong></span> <span class='ocrx_word' id='word_1_344' title='bbox 632 2945 739 3007; x_wconf 80' lang='lat' dir='ltr'><strong>corrige</strong></span> <span class='ocrx_word' id='word_1_345' title='bbox 747 2951 833 3006; x_wconf 77' lang='lat' dir='ltr'><strong>curmt,</strong></span> <span class='ocrx_word' id='word_1_346' title='bbox 852 2945 986 2994; x_wconf 82' lang='lat' dir='ltr'><strong>exeodem</strong></span> <span class='ocrx_word' id='word_1_347' title='bbox 997 2943 1073 2992; x_wconf 88' lang='lat' dir='ltr'><strong>libro.</strong></span> <span class='ocrx_word' id='word_1_348' title='bbox 1092 2943 1139 2992; x_wconf 78' lang='lat' dir='ltr'><strong>Fa.</strong></span> 
     </span>
     <span class='ocr_line' id='line_1_34' title="bbox 29 3007 1140 3082; baseline -0.007 -20"><span class='ocrx_word' id='word_1_349' title='bbox 29 3008 133 3062; x_wconf 77' lang='lat' dir='ltr'><strong>Nostri</strong></span> <span class='ocrx_word' id='word_1_350' title='bbox 143 3022 242 3069; x_wconf 87' lang='lat' dir='ltr'><strong>omnes,</strong></span> <span class='ocrx_word' id='word_1_351' title='bbox 251 3008 358 3057; x_wconf 79' lang='lat' dir='ltr'><strong>cursitet.</strong></span> <span class='ocrx_word' id='word_1_352' title='bbox 376 3009 454 3058; x_wconf 89' lang='lat' dir='ltr'><strong>Bent.</strong></span> <span class='ocrx_word' id='word_1_353' title='bbox 488 3010 574 3059; x_wconf 78' lang='lat' dir='ltr'><strong>curret</strong></span> <span class='ocrx_word' id='word_1_354' title='bbox 585 3010 785 3060; x_wconf 67' lang='lat' dir='ltr'><strong>anausoni.</strong></span> <span class='ocrx_word' id='word_1_355' title='bbox 796 3009 936 3059; x_wconf 75' lang='lat' dir='ltr'><strong>Peri—ti</strong></span> <span class='ocrx_word' id='word_1_356' title='bbox 953 3007 1038 3057; x_wconf 92' lang='lat' dir='ltr'><strong>Nimis</strong></span> <span class='ocrx_word' id='word_1_357' title='bbox 1047 3013 1140 3082; x_wconf 70' lang='lat' dir='ltr'><strong>arputa</strong></span> 
     </span>
     <span class='ocr_line' id='line_1_35' title="bbox 31 3070 1140 3136; baseline -0.006 -10"><span class='ocrx_word' id='word_1_358' title='bbox 31 3079 80 3126; x_wconf 85' lang='lat' dir='ltr'><strong>est</strong></span> <span class='ocrx_word' id='word_1_359' title='bbox 98 3071 173 3122; x_wconf 82' lang='lat' dir='ltr'><strong>crisis</strong></span> <span class='ocrx_word' id='word_1_360' title='bbox 195 3070 295 3135; x_wconf 75' lang='lat' dir='ltr'><strong>Guyeti</strong></span> <span class='ocrx_word' id='word_1_361' title='bbox 313 3073 435 3136; x_wconf 79' lang='lat' dir='ltr'><strong>legentis.</strong></span> <span class='ocrx_word' id='word_1_362' title='bbox 453 3073 505 3123; x_wconf 76' lang='grc' dir='ltr'><strong>ΡΑ.</strong></span> <span class='ocrx_word' id='word_1_363' title='bbox 522 3073 618 3123; x_wconf 85' lang='lat' dir='ltr'><strong>Facete.</strong></span> <span class='ocrx_word' id='word_1_364' title='bbox 635 3074 689 3124; x_wconf 84' lang='lat' dir='ltr'><strong>Gn.</strong></span> <span class='ocrx_word' id='word_1_365' title='bbox 705 3070 814 3124; x_wconf 78' lang='lat' dir='ltr'><strong>Dictum.</strong></span> <span class='ocrx_word' id='word_1_366' title='bbox 829 3075 978 3123; x_wconf 70' lang='lat' dir='ltr'><strong>west-58</strong></span> <span class='ocrx_word' id='word_1_367' title='bbox 994 3071 1041 3120; x_wconf 82' lang='lat' dir='ltr'><strong>Sed</strong></span> <span class='ocrx_word' id='word_1_368' title='bbox 1056 3072 1140 3119; x_wconf 82' lang='lat' dir='ltr'><strong>mdson</strong></span> 
     </span>
     <span class='ocr_line' id='line_1_36' title="bbox 30 3131 1140 3188; baseline -0.004 0"><span class='ocrx_word' id='word_1_369' title='bbox 30 3138 93 3188; x_wconf 83' lang='lat' dir='ltr'><strong>Ms.</strong></span> <span class='ocrx_word' id='word_1_370' title='bbox 110 3135 185 3186; x_wconf 79' lang='lat' dir='ltr'><strong>Im‘sd.</strong></span> <span class='ocrx_word' id='word_1_371' title='bbox 216 3136 244 3186; x_wconf 80' lang='lat' dir='ltr'><strong>J.</strong></span> <span class='ocrx_word' id='word_1_372' title='bbox 263 3144 291 3184; x_wconf 89' lang='lat' dir='ltr'><strong>et</strong></span> <span class='ocrx_word' id='word_1_373' title='bbox 309 3135 427 3186; x_wconf 84' lang='lat' dir='ltr'><strong>Venetus</strong></span> <span class='ocrx_word' id='word_1_374' title='bbox 450 3137 508 3187; x_wconf 86' lang='lat' dir='ltr'><strong>eod.</strong></span> <span class='ocrx_word' id='word_1_375' title='bbox 534 3140 670 3187; x_wconf 65' lang='lat' dir='ltr'><strong>Maeniam.</strong></span> <span class='ocrx_word' id='word_1_376' title='bbox 687 3138 759 3187; x_wconf 88' lang='lat' dir='ltr'><strong>Peri.</strong></span> <span class='ocrx_word' id='word_1_377' title='bbox 783 3139 840 3187; x_wconf 90' lang='lat' dir='ltr'><strong>Dat</strong></span> <span class='ocrx_word' id='word_1_378' title='bbox 859 3138 941 3186; x_wconf 74' lang='lat' dir='ltr'><strong>auem</strong></span> <span class='ocrx_word' id='word_1_379' title='bbox 964 3141 991 3184; x_wconf 89' lang='lat' dir='ltr'><strong>et</strong></span> <span class='ocrx_word' id='word_1_380' title='bbox 1010 3131 1140 3184; x_wconf 69' lang='lat' dir='ltr'><strong>adamus!</strong></span> 
     </span>
    </p>
   </div>
   <div class='ocr_carea' id='block_1_9' title="bbox 31 3200 1249 3265">
    <p class='ocr_par' dir='ltr' id='par_1_14' title="bbox 31 3200 1249 3265">
     <span class='ocr_line' id='line_1_37' title="bbox 31 3200 1249 3265; baseline -0.005 -13"><span class='ocrx_word' id='word_1_381' title='bbox 31 3203 155 3252; x_wconf 69' lang='lat' dir='ltr'><strong>Bn-aa</strong></span> <span class='ocrx_word' id='word_1_382' title='bbox 173 3200 239 3255; x_wconf 82' lang='lat' dir='ltr'><strong>Quid</strong></span> <span class='ocrx_word' id='word_1_383' title='bbox 253 3200 334 3249; x_wconf 84' lang='lat' dir='ltr'><strong>Piroeo</strong></span> <span class='ocrx_word' id='word_1_384' title='bbox 354 3202 433 3250; x_wconf 88' lang='lat' dir='ltr'><strong>Both.</strong></span> <span class='ocrx_word' id='word_1_385' title='bbox 466 3201 540 3250; x_wconf 83' lang='lat' dir='ltr'><strong>Pirm</strong></span> <span class='ocrx_word' id='word_1_386' title='bbox 562 3203 608 3251; x_wconf 89' lang='lat' dir='ltr'><strong>Br.</strong></span> <span class='ocrx_word' id='word_1_387' title='bbox 641 3202 722 3252; x_wconf 83' lang='lat' dir='ltr'><strong>Piroeo</strong></span> <span class='ocrx_word' id='word_1_388' title='bbox 733 3202 763 3252; x_wconf 83' lang='grc' dir='ltr'><strong>Ζ.</strong></span> <span class='ocrx_word' id='word_1_389' title='bbox 773 3203 852 3251; x_wconf 80' lang='lat' dir='ltr'><strong>Bent.</strong></span> <span class='ocrx_word' id='word_1_390' title='bbox 869 3201 930 3265; x_wconf 90' lang='lat' dir='ltr'><strong>Bip.</strong></span> <span class='ocrx_word' id='word_1_391' title='bbox 948 3200 1019 3249; x_wconf 89' lang='lat' dir='ltr'><strong>Perl.</strong></span> <span class='ocrx_word' id='word_1_392' title='bbox 1031 3200 1075 3263; x_wconf 90' lang='lat' dir='ltr'><strong>qui</strong></span> <span class='ocrx_word' id='word_1_393' title='bbox 1087 3213 1141 3246; x_wconf 90' lang='lat' dir='ltr'><strong>mo·</strong></span> <span class='ocrx_word' id='word_1_394' title='bbox 1246 3236 1249 3241; x_wconf 93' lang='lat'><strong>.</strong></span> 
     </span>
    </p>
   </div>
   <div class='ocr_carea' id='block_1_10' title="bbox 32 3262 1142 3460">
    <p class='ocr_par' dir='ltr' id='par_1_15' title="bbox 32 3262 1142 3460">
     <span class='ocr_line' id='line_1_38' title="bbox 32 3262 1140 3328; baseline -0.004 -12"><span class='ocrx_word' id='word_1_395' title='bbox 32 3271 101 3316; x_wconf 83' lang='lat' dir='ltr'><strong>net:</strong></span> <span class='ocrx_word' id='word_1_396' title='bbox 117 3265 202 3312; x_wconf 77' lang='lat' dir='ltr'><strong>‘Van</strong></span> <span class='ocrx_word' id='word_1_397' title='bbox 223 3265 354 3328; x_wconf 89' lang='lat' dir='ltr'><strong>scriptura</strong></span> <span class='ocrx_word' id='word_1_398' title='bbox 364 3265 433 3314; x_wconf 87' lang='lat' dir='ltr'><strong>inter</strong></span> <span class='ocrx_word' id='word_1_399' title='bbox 449 3266 543 3315; x_wconf 85' lang='lat' dir='ltr'><strong>Piroeeo</strong></span> <span class='ocrx_word' id='word_1_400' title='bbox 554 3273 582 3314; x_wconf 90' lang='lat' dir='ltr'><strong>et</strong></span> <span class='ocrx_word' id='word_1_401' title='bbox 592 3267 683 3316; x_wconf 84' lang='lat' dir='ltr'><strong>Piroeo.</strong></span> <span class='ocrx_word' id='word_1_402' title='bbox 716 3265 770 3316; x_wconf 84' lang='lat' dir='ltr'><strong>Sed</strong></span> <span class='ocrx_word' id='word_1_403' title='bbox 787 3267 814 3318; x_wconf 88' lang='lat' dir='ltr'><strong>J.</strong></span> <span class='ocrx_word' id='word_1_404' title='bbox 833 3266 862 3315; x_wconf 84' lang='lat' dir='ltr'><strong>F.</strong></span> <span class='ocrx_word' id='word_1_405' title='bbox 874 3264 1030 3327; x_wconf 80' lang='lat' dir='ltr'><strong>Heusinger.</strong></span> <span class='ocrx_word' id='word_1_406' title='bbox 1042 3262 1075 3312; x_wconf 89' lang='lat' dir='ltr'><strong>ad</strong></span> <span class='ocrx_word' id='word_1_407' title='bbox 1084 3262 1140 3312; x_wconf 88' lang='lat' dir='ltr'><strong>Cic.</strong></span> 
     </span>
     <span class='ocr_line' id='line_1_39' title="bbox 33 3325 1141 3394; baseline -0.005 -14"><span class='ocrx_word' id='word_1_408' title='bbox 33 3327 96 3380; x_wconf 82' lang='lat' dir='ltr'><strong>off.</strong></span> <span class='ocrx_word' id='word_1_409' title='bbox 107 3342 153 3378; x_wconf 87' lang='grc' dir='ltr'><strong>ιιι.</strong></span> <span class='ocrx_word' id='word_1_410' title='bbox 165 3327 280 3389; x_wconf 78' lang='lat' dir='ltr'><strong>Primos,</strong></span> <span class='ocrx_word' id='word_1_411' title='bbox 291 3330 338 3389; x_wconf 86' lang='lat' dir='ltr'><strong>ait,</strong></span> <span class='ocrx_word' id='word_1_412' title='bbox 346 3343 439 3378; x_wconf 83' lang='lat' dir='ltr'><strong>nomen</strong></span> <span class='ocrx_word' id='word_1_413' title='bbox 457 3329 521 3378; x_wconf 87' lang='lat' dir='ltr'><strong>illud</strong></span> <span class='ocrx_word' id='word_1_414' title='bbox 531 3330 613 3379; x_wconf 91' lang='lat' dir='ltr'><strong>tribus</strong></span> <span class='ocrx_word' id='word_1_415' title='bbox 622 3330 726 3392; x_wconf 86' lang='lat' dir='ltr'><strong>syllabis</strong></span> <span class='ocrx_word' id='word_1_416' title='bbox 738 3331 888 3394; x_wconf 85' lang='lat' dir='ltr'><strong>plerumque</strong></span> <span class='ocrx_word' id='word_1_417' title='bbox 897 3325 1037 3379; x_wconf 65' lang='lat' dir='ltr'><strong>extulisset</strong></span> <span class='ocrx_word' id='word_1_418' title='bbox 1072 3327 1141 3383; x_wconf 83' lang='lat' dir='ltr'><strong>Quod</strong></span> 
     </span>
     <span class='ocr_line' id='line_1_40' title="bbox 33 3391 1142 3460; baseline -0.007 -12"><span class='ocrx_word' id='word_1_419' title='bbox 33 3391 134 3448; x_wconf 76' lang='lat' dir='ltr'><strong>(iucif.</strong></span> <span class='ocrx_word' id='word_1_420' title='bbox 143 3397 169 3443; x_wconf 78' lang='lat' dir='ltr'><strong>t.</strong></span> <span class='ocrx_word' id='word_1_421' title='bbox 180 3399 208 3442; x_wconf 90' lang='lat' dir='ltr'><strong>et</strong></span> <span class='ocrx_word' id='word_1_422' title='bbox 218 3392 355 3458; x_wconf 84' lang='lat' dir='ltr'><strong>distinguit</strong></span> <span class='ocrx_word' id='word_1_423' title='bbox 364 3400 426 3444; x_wconf 85' lang='lat' dir='ltr'><strong>ants</strong></span> <span class='ocrx_word' id='word_1_424' title='bbox 445 3393 548 3444; x_wconf 77' lang='lat' dir='ltr'><strong>‘nnuc-⁹</strong></span> <span class='ocrx_word' id='word_1_425' title='bbox 565 3394 661 3445; x_wconf 85' lang='lat' dir='ltr'><strong>Glossa</strong></span> <span class='ocrx_word' id='word_1_426' title='bbox 670 3395 712 3444; x_wconf 75' lang='lat' dir='ltr'><strong>roi</strong></span> <span class='ocrx_word' id='word_1_427' title='bbox 723 3394 768 3444; x_wconf 85' lang='lat' dir='ltr'><strong>Br.</strong></span> <span class='ocrx_word' id='word_1_428' title='bbox 783 3401 859 3446; x_wconf 90' lang='lat' dir='ltr'><strong>notat</strong></span> <span class='ocrx_word' id='word_1_429' title='bbox 870 3409 918 3460; x_wconf 93' lang='lat' dir='ltr'><strong>pro</strong></span> <span class='ocrx_word' id='word_1_430' title='bbox 934 3393 1024 3458; x_wconf 80' lang='lat' dir='ltr'><strong>publice</strong></span> <span class='ocrx_word' id='word_1_431' title='bbox 1032 3391 1094 3442; x_wconf 84' lang='lat' dir='ltr'><strong>ulios</strong></span> <span class='ocrx_word' id='word_1_432' title='bbox 1105 3392 1142 3441; x_wconf 89' lang='lat' dir='ltr'><strong>le·</strong></span> 
     </span>
    </p>
   </div>
   <div class='ocr_carea' id='block_1_11' title="bbox 539 3536 650 3588">
    <p class='ocr_par' dir='ltr' id='par_1_16' title="bbox 539 3536 650 3588">
     <span class='ocr_line' id='line_1_41' title="bbox 539 3536 650 3588; baseline 0 -2"><span class='ocrx_word' id='word_1_433' title='bbox 539 3536 650 3588; x_wconf 83' lang='lat' dir='ltr'>NOTAE</span> 
     </span>
    </p>
   </div>
   <div class='ocr_carea' id='block_1_12' title="bbox 35 3615 1169 4215">
    <p class='ocr_par' dir='ltr' id='par_1_17' title="bbox 35 3615 1169 4215">
     <span class='ocr_line' id='line_1_42' title="bbox 71 3615 1169 3683; baseline -0.005 -15"><span class='ocrx_word' id='word_1_434' title='bbox 71 3622 107 3668; x_wconf 80' lang='grc'><strong>55</strong></span> <span class='ocrx_word' id='word_1_435' title='bbox 125 3616 165 3667; x_wconf 85' lang='lat' dir='ltr'><strong>Ne</strong></span> <span class='ocrx_word' id='word_1_436' title='bbox 175 3617 229 3680; x_wconf 78' lang='lat' dir='ltr'><strong>quis</strong></span> <span class='ocrx_word' id='word_1_437' title='bbox 231 3615 301 3678; x_wconf 81' lang='lat' dir='ltr'><strong>sorte</strong></span> <span class='ocrx_word' id='word_1_438' title='bbox 309 3617 482 3682; x_wconf 81' lang='lat' dir='ltr'><strong>internuntius]</strong></span> <span class='ocrx_word' id='word_1_439' title='bbox 505 3616 573 3668; x_wconf 81' lang='lat' dir='ltr'><strong>Haec</strong></span> <span class='ocrx_word' id='word_1_440' title='bbox 612 3619 719 3669; x_wconf 88' lang='lat' dir='ltr'><strong>millium</strong></span> <span class='ocrx_word' id='word_1_441' title='bbox 747 3633 866 3683; x_wconf 83' lang='lat' dir='ltr'><strong>passuum</strong></span> <span class='ocrx_word' id='word_1_442' title='bbox 892 3618 951 3668; x_wconf 88' lang='lat' dir='ltr'><strong>urbi</strong></span> <span class='ocrx_word' id='word_1_443' title='bbox 978 3617 1142 3681; x_wconf 86' lang='lat' dir='ltr'><strong>conjunctus.</strong></span> <span class='ocrx_word' id='word_1_444' title='bbox 1166 3647 1169 3658; x_wconf 86' lang='lat'><strong>.</strong></span> 
     </span>
     <span class='ocr_line' id='line_1_43' title="bbox 35 3694 982 3760; baseline -0.005 -13"><span class='ocrx_word' id='word_1_445' title='bbox 35 3695 141 3747; x_wconf 83' lang='lat' dir='ltr'><strong>ironice</strong></span> <span class='ocrx_word' id='word_1_446' title='bbox 160 3694 246 3744; x_wconf 86' lang='lat' dir='ltr'><strong>dicta:</strong></span> <span class='ocrx_word' id='word_1_447' title='bbox 265 3695 337 3759; x_wconf 87' lang='lat' dir='ltr'><strong>quasi</strong></span> <span class='ocrx_word' id='word_1_448' title='bbox 355 3709 431 3744; x_wconf 89' lang='lat' dir='ltr'><strong>nemo</strong></span> <span class='ocrx_word' id='word_1_449' title='bbox 450 3710 465 3745; x_wconf 86' lang='lat' dir='ltr'><strong>u</strong></span> <span class='ocrx_word' id='word_1_450' title='bbox 485 3695 573 3744; x_wconf 86' lang='lat' dir='ltr'><strong>Milite</strong></span> <span class='ocrx_word' id='word_1_451' title='bbox 613 3696 714 3746; x_wconf 78' lang='lat' dir='ltr'><strong>Pirmns</strong></span> <span class='ocrx_word' id='word_1_452' title='bbox 725 3697 804 3760; x_wconf 78' lang='lat' dir='ltr'><strong>vulgo</strong></span> <span class='ocrx_word' id='word_1_453' title='bbox 815 3694 982 3745; x_wconf 68' lang='lat' dir='ltr'><strong>Pomodiana</strong></span> 
     </span>
     <span class='ocr_line' id='line_1_44' title="bbox 37 3768 1143 3835; baseline -0.008 -12"><span class='ocrx_word' id='word_1_454' title='bbox 37 3773 73 3823; x_wconf 82' lang='lat' dir='ltr'><strong>ad</strong></span> <span class='ocrx_word' id='word_1_455' title='bbox 85 3770 224 3832; x_wconf 82' lang='lat' dir='ltr'><strong>Thaidem,</strong></span> <span class='ocrx_word' id='word_1_456' title='bbox 235 3770 285 3819; x_wconf 91' lang='lat' dir='ltr'><strong>nisi</strong></span> <span class='ocrx_word' id='word_1_457' title='bbox 294 3771 370 3834; x_wconf 89' lang='lat' dir='ltr'><strong>clam,</strong></span> <span class='ocrx_word' id='word_1_458' title='bbox 380 3770 419 3821; x_wconf 92' lang='lat' dir='ltr'><strong>ire</strong></span> <span class='ocrx_word' id='word_1_459' title='bbox 431 3770 534 3820; x_wconf 82' lang='lat' dir='ltr'><strong>audeat.</strong></span> <span class='ocrx_word' id='word_1_460' title='bbox 646 3771 712 3821; x_wconf 88' lang='lat' dir='ltr'><strong>Num</strong></span> <span class='ocrx_word' id='word_1_461' title='bbox 721 3770 756 3820; x_wconf 83' lang='lat' dir='ltr'><strong>ibi</strong></span> <span class='ocrx_word' id='word_1_462' title='bbox 764 3771 853 3835; x_wconf 85' lang='lat' dir='ltr'><strong>custos]</strong></span> <span class='ocrx_word' id='word_1_463' title='bbox 879 3768 1061 3829; x_wconf 86' lang='lat' dir='ltr'><strong>Athenienses,</strong></span> <span class='ocrx_word' id='word_1_464' title='bbox 1071 3768 1143 3828; x_wconf 90' lang='lat' dir='ltr'><strong>pust·</strong></span> 
     </span>
     <span class='ocr_line' id='line_1_45' title="bbox 72 3840 1144 3912; baseline -0.007 -15"><span class='ocrx_word' id='word_1_465' title='bbox 72 3851 106 3897; x_wconf 77' lang='grc'><strong>57</strong></span> <span class='ocrx_word' id='word_1_466' title='bbox 128 3847 211 3897; x_wconf 82' lang='lat' dir='ltr'><strong>Facete</strong></span> <span class='ocrx_word' id='word_1_467' title='bbox 221 3846 322 3909; x_wconf 84' lang='lat' dir='ltr'><strong>dictum]</strong></span> <span class='ocrx_word' id='word_1_468' title='bbox 339 3845 457 3897; x_wconf 83' lang='lat' dir='ltr'><strong>ironice:</strong></span> <span class='ocrx_word' id='word_1_469' title='bbox 468 3845 578 3910; x_wconf 85' lang='lat' dir='ltr'><strong>quiain·&#39;</strong></span> <span class='ocrx_word' id='word_1_470' title='bbox 614 3860 689 3912; x_wconf 86' lang='lat' dir='ltr'><strong>qnam</strong></span> <span class='ocrx_word' id='word_1_471' title='bbox 707 3861 740 3896; x_wconf 85' lang='lat' dir='ltr'><strong>ex</strong></span> <span class='ocrx_word' id='word_1_472' title='bbox 760 3845 873 3911; x_wconf 89' lang='lat' dir='ltr'><strong>Ephebis</strong></span> <span class='ocrx_word' id='word_1_473' title='bbox 884 3848 1061 3902; x_wconf 84' lang='lat' dir='ltr'><strong>excesserant,</strong></span> <span class='ocrx_word' id='word_1_474' title='bbox 1078 3840 1144 3890; x_wconf 90' lang='lat' dir='ltr'><strong>mili·</strong></span> 
     </span>
     <span class='ocr_line' id='line_1_46' title="bbox 37 3915 1142 3983; baseline -0.008 -10"><span class='ocrx_word' id='word_1_475' title='bbox 37 3922 121 3974; x_wconf 81' lang='lat' dir='ltr'><strong>ficeta</strong></span> <span class='ocrx_word' id='word_1_476' title='bbox 131 3922 190 3971; x_wconf 81' lang='lat' dir='ltr'><strong>haec</strong></span> <span class='ocrx_word' id='word_1_477' title='bbox 202 3921 274 3972; x_wconf 88' lang='lat' dir='ltr'><strong>dicta</strong></span> <span class='ocrx_word' id='word_1_478' title='bbox 285 3936 341 3971; x_wconf 88' lang='lat' dir='ltr'><strong>esse</strong></span> <span class='ocrx_word' id='word_1_479' title='bbox 352 3922 408 3971; x_wconf 88' lang='lat' dir='ltr'><strong>vult</strong></span> <span class='ocrx_word' id='word_1_480' title='bbox 418 3922 558 3972; x_wconf 88' lang='lat' dir='ltr'><strong>Parmeno.</strong></span> <span class='ocrx_word' id='word_1_481' title='bbox 616 3923 661 3972; x_wconf 73' lang='lat' dir='ltr'><strong>tiae</strong></span> <span class='ocrx_word' id='word_1_482' title='bbox 672 3922 760 3972; x_wconf 88' lang='lat' dir='ltr'><strong>daturi</strong></span> <span class='ocrx_word' id='word_1_483' title='bbox 780 3935 883 3982; x_wconf 89' lang='lat' dir='ltr'><strong>nomen,</strong></span> <span class='ocrx_word' id='word_1_484' title='bbox 903 3919 1005 3983; x_wconf 85' lang='lat' dir='ltr'><strong>publice</strong></span> <span class='ocrx_word' id='word_1_485' title='bbox 1021 3915 1142 3966; x_wconf 88' lang='lat' dir='ltr'><strong>custodes</strong></span> 
     </span>
     <span class='ocr_line' id='line_1_47' title="bbox 74 3991 1143 4060; baseline -0.008 -12"><span class='ocrx_word' id='word_1_486' title='bbox 74 4003 109 4048; x_wconf 81' lang='lat'><strong>59</strong></span> <span class='ocrx_word' id='word_1_487' title='bbox 121 3999 163 4047; x_wconf 81' lang='lat' dir='ltr'><strong>Eu</strong></span> <span class='ocrx_word' id='word_1_488' title='bbox 174 3997 280 4060; x_wconf 84' lang='lat' dir='ltr'><strong>Piroeeo]</strong></span> <span class='ocrx_word' id='word_1_489' title='bbox 292 3999 394 4048; x_wconf 84' lang='lat' dir='ltr'><strong>Piraeus</strong></span> <span class='ocrx_word' id='word_1_490' title='bbox 406 3998 447 4048; x_wconf 87' lang='lat' dir='ltr'><strong>vel</strong></span> <span class='ocrx_word' id='word_1_491' title='bbox 457 3999 574 4047; x_wconf 75' lang='lat' dir='ltr'><strong>Piraeus</strong></span> <span class='ocrx_word' id='word_1_492' title='bbox 616 4006 690 4048; x_wconf 87' lang='lat' dir='ltr'><strong>crant</strong></span> <span class='ocrx_word' id='word_1_493' title='bbox 701 3998 727 4046; x_wconf 90' lang='lat' dir='ltr'><strong>in</strong></span> <span class='ocrx_word' id='word_1_494' title='bbox 739 3996 804 4046; x_wconf 88' lang='lat' dir='ltr'><strong>urbe</strong></span> <span class='ocrx_word' id='word_1_495' title='bbox 815 4010 863 4060; x_wconf 91' lang='lat' dir='ltr'><strong>per</strong></span> <span class='ocrx_word' id='word_1_496' title='bbox 879 4008 986 4052; x_wconf 82' lang='lat' dir='ltr'><strong>annnm3</strong></span> <span class='ocrx_word' id='word_1_497' title='bbox 1006 3991 1100 4041; x_wconf 88' lang='lat' dir='ltr'><strong>deinde</strong></span> <span class='ocrx_word' id='word_1_498' title='bbox 1116 3991 1143 4040; x_wconf 89' lang='lat' dir='ltr'><strong>in</strong></span> 
     </span>
     <span class='ocr_line' id='line_1_48' title="bbox 41 4063 1143 4139; baseline -0.009 -13"><span class='ocrx_word' id='word_1_499' title='bbox 41 4081 102 4127; x_wconf 83' lang='lat' dir='ltr'><strong>erat</strong></span> <span class='ocrx_word' id='word_1_500' title='bbox 114 4083 204 4139; x_wconf 88' lang='lat' dir='ltr'><strong>portus</strong></span> <span class='ocrx_word' id='word_1_501' title='bbox 216 4075 387 4138; x_wconf 83' lang='lat' dir='ltr'><strong>Athenarum,</strong></span> <span class='ocrx_word' id='word_1_502' title='bbox 404 4074 575 4139; x_wconf 87' lang='lat' dir='ltr'><strong>quadringen·</strong></span> <span class='ocrx_word' id='word_1_503' title='bbox 615 4073 762 4124; x_wconf 85' lang='lat' dir='ltr'><strong>suburbana</strong></span> <span class='ocrx_word' id='word_1_504' title='bbox 781 4070 953 4120; x_wconf 86' lang='lat' dir='ltr'><strong>mittebantur</strong></span> <span class='ocrx_word' id='word_1_505' title='bbox 970 4069 1095 4128; x_wconf 80' lang='lat' dir='ltr'><strong>castella,</strong></span> <span class='ocrx_word' id='word_1_506' title='bbox 1116 4063 1143 4131; x_wconf 87' lang='lat' dir='ltr'><strong>(e</strong></span> 
     </span>
     <span class='ocr_line' id='line_1_49' title="bbox 43 4143 1144 4215; baseline -0.007 -14"><span class='ocrx_word' id='word_1_507' title='bbox 43 4159 131 4202; x_wconf 81' lang='lat' dir='ltr'><strong>tarum</strong></span> <span class='ocrx_word' id='word_1_508' title='bbox 144 4165 229 4215; x_wconf 81' lang='lat' dir='ltr'><strong>capax</strong></span> <span class='ocrx_word' id='word_1_509' title='bbox 246 4151 361 4215; x_wconf 80' lang='lat' dir='ltr'><strong>navium,</strong></span> <span class='ocrx_word' id='word_1_510' title='bbox 376 4165 450 4202; x_wconf 88' lang='lat' dir='ltr'><strong>muro</strong></span> <span class='ocrx_word' id='word_1_511' title='bbox 466 4150 578 4201; x_wconf 86' lang='lat' dir='ltr'><strong>duorum</strong></span> <span class='ocrx_word' id='word_1_512' title='bbox 615 4149 792 4215; x_wconf 86' lang='lat' dir='ltr'><strong>quibusunum</strong></span> <span class='ocrx_word' id='word_1_513' title='bbox 803 4143 1144 4210; x_wconf 78' lang='lat' dir='ltr'><strong>erstportnsPiraeus,)ex·</strong></span> 
     </span>
    </p>
   </div>
   <div class='ocr_carea' id='block_1_13' title="bbox 0 0 1350 4702">
    <p class='ocr_par' dir='ltr' id='par_1_18' title="bbox 0 0 1350 4702">
     <span class='ocr_line' id='line_1_50' title="bbox 0 0 1350 4702; baseline 0 0"><span class='ocrx_word' id='word_1_514' title='bbox 0 0 1350 4702; x_wconf 95' lang='lat' dir='ltr'><strong> </strong></span> 
     </span>
    </p>
   </div>
  </div>
 </body>
</html>
