2678 4702
376 299 547 351 nunnoni
565 296 650 350 uer.
666 259 723 351 ιιι.
745 299 797 350 so.
813 302 838 349 ι.
1097 283 1164 350 447

56 437 237 523 Numquid
252 438 315 503 tibi
331 437 428 503 dixit
472 436 545 504 Gn.
569 437 772 524 Nunquam:
795 438 856 504 sed
879 437 1162 517 nerra,'obseoro.

58 539 148 606 Plus
161 540 284 606 millies
298 540 422 605 audivi.
465 541 536 606 ΤΗ.
560 540 639 606 Una
653 542 688 605 in
706 541 862 606 convivio

57 643 142 708 Erat
153 644 221 720 hio,
236 662 338 726 quem
351 642 441 721 dico,
455 642 614 708 Rhodius
630 643 915 708 adolescentulus.

59 745 164 810 Forte
177 744 281 810 habui
296 751 466 810 scortum:
487 745 594 830 coepit
610 746 653 812 ad
669 747 703 811 id
720 745 882 824 alludere,

15 922 18 927 ,
58 846 108 910 Et
126 866 179 911 me
193 845 338 910 irridere.
382 845 476 926 Quid
493 847 579 928 egis,
592 848 742 932 inquam,
756 847 857 913 homo
872 848 1076 931 impudens?
1119 847 1165 912 35

58 949 174 1031 Lepus
188 953 257 1013 tute
272 967 323 1026 ee,
338 954 371 1014 et
388 948 644 1033 pulpamentum
658 950 810 1033 queerisi
855 945 927 1015 Gn·
951 949 1022 1027 Ha,
1036 949 1092 1027 ha,
1104 949 1165 1016 hod

57 1047 130 1112 ΤΗ.
152 1045 247 1126 Quid
262 1049 337 1114 esti
382 1049 454 1115 ΕΝ.
477 1050 618 1129 Facete,
632 1052 762 1135 lapide,
776 1052 886 1117 laute:
909 1051 995 1116 nihil
1008 1070 1121 1135 snpra.

57 1148 226 1228 Tuumne,
242 1150 385 1216 obsecro
399 1156 444 1229 te,
457 1151 522 1216 hoo
536 1151 662 1217 dictum
676 1155 771 1219 erati
788 1159 885 1219 votus
899 1153 1035 1220 credidi.

57 1332 175 1384 macir
206 1333 261 1384 Gir.
280 1334 421 1400 Nunquam:
435 1337 478 1386 sed
487 1336 559 1397 refer,
569 1353 656 1401 quoeao.
689 1339 751 1388 Piso
760 1337 911 1400 milliarium
920 1337 1010 1388 cadmi.
1042 1337 1094 1386 Tu.
1106 1335 1169 1403 Hic,

55 1413 128 1462 quous
138 1398 199 1459 dion,
209 1397 317 1449 Rhodius
332 1414 379 1449 uua
388 1399 493 1464 cupiebat
507 1401 620 1452 eidemin
630 1402 743 1453 conuiuio.
778 1403 849 1452 Forte
859 1405 1016 1466 adjunxerunt
1025 1401 1084 1452 mut
1094 1415 1167 1449 mere·

57 1463 160 1512 tricem:
174 1463 606 1526 cepuiueutodimmueuentnus
623 1467 768 1517 eiulludests
783 1468 885 1518 Μή
900 1474 926 1518 et
940 1467 1049 1517 merisui
1065 1465 1167 1515 omme

60 1527 184 1587 (ΝΜ,
194 1527 374 1591 ‘'nimrim‘’
389 1528 529 1594 impudens?
547 1532 594 1592 Tic,
608 1547 661 1581 cum
678 1533 728 1596 ipse
740 1534 823 1596 proedc
840 1534 883 1594 u's,
898 1539 923 1593 et
939 1533 1004 1582 cibsu
1024 1529 1167 1593 exquisitus,

57 1593 163 1642 offertum
173 1598 252 1641 umen
261 1592 338 1642 cibun
351 1594 467 1652 ueteris,-
486 1600 510 1643 et
523 1595 550 1644 iss
569 1597 642 1645 altero
652 1596 747 1660 qucria,
756 1599 817 1660 quod
827 1597 888 1647 clius
897 1596 924 1646 iu
934 1602 958 1646 te
975 1601 1075 1659 quaeat.
1109 1592 1166 1644 Get.

59 1657 115 1718 His,
124 1657 165 1714 dn,
173 1657 209 1705 de.
242 1657 295 1706 Tre.
314 1657 379 1713 Quid
387 1659 432 1708 u'oi
442 1659 550 1708 uidetur?
583 1659 637 1710 Gru.
658 1661 763 1722 Urbane,
771 1667 877 1718 mute,
885 1662 1019 1726 magnifice,
1026 1659 1166 1722 siiilsrtpru

57 1726 105 1770 est.
140 1719 560 1784 iiuseduiusudogis'cuctorsuirts’r
579 1724 712 1776 Vetrsseaee
727 1726 824 1779 credidi.
857 1727 910 1778 Tu.
927 1722 1169 1791 Aupriruiduudie·

514 1859 699 1880 mm

58 1956 109 2013 sed
129 1963 156 2006 et
175 1954 264 2006 editis.
285 1957 362 2008 West.
396 1958 471 2008 Bem.
491 1964 517 2006 et
537 1973 626 2009 omnes
645 1959 690 2008 aiii
710 1958 819 2022 antiqui,
837 1957 1067 2021 Nunqunmrquod
1088 1957 1170 2020 magis

61 2022 166 2071 videtur
182 2021 320 2083 quadrare.
339 2021 383 2071 ra.
418 2021 489 2074 Quin
511 2030 539 2073 et
558 2021 641 2073 nostri
660 2037 759 2085 omnes,
784 2023 866 2072 tribus
887 2020 1016 2085 exceptis,
1033 2022 1171 2084 Nuuqtsust.

60 2087 143 2137 Beut.
178 2085 304 2150 Nunquam
316 2085 431 2148 postulat
443 2101 602 2151 responsum.
621 2087 681 2152 Bip.
715 2087 758 2137 Sic
770 2087 817 2137 Br.
829 2088 907 2135 Bent.
920 2087 951 2136 Z.
971 2085 1048 2134 Both.
1066 2084 1172 2135 Peri.-

60 2153 95 2202 82
110 2151 171 2200 dum
180 2151 236 2199 aud.
253 2150 287 2201 G.
300 2151 354 2200 ΕΤ.
366 2151 428 2200 ΕΜ.
447 2153 520 2202 West.
553 2153 613 2202 Nec
625 2152 651 2201 in
671 2153 747 2201 Bem.
762 2166 811 2200 nec
830 2152 855 2199 iu
874 2151 929 2200 Do.
946 2155 988 2199 est
997 2148 1067 2210 jum:
1082 2149 1171 2214 itaque

61 2229 120 2265 eam
141 2214 293 2264 delevimus.
312 2215 356 2266 Fu.
389 2213 471 2280 Atqui
491 2218 572 2266 nostri
589 2231 676 2267 ornnes
695 2231 754 2266 cum
776 2215 843 2265 Edd.
863 2221 928 2266 vett.
946 2220 1090 2278 agnoscunt
1101 2213 1172 2274 jour:

81 2279 134 2328 nod
145 2292 193 2329 cnr
203 2279 279 2328 unius
289 2278 412 2329 Bembini
424 2295 502 2331 cause
513 2281 645 2345 ejiciatur,
660 2281 746 2330 nullus
756 2279 842 2330 video.
859 2279 934 2329 Best.
967 2280 1025 2327 dum
1043 2276 1131 2328 Gueif.
1148 2281 1173 2327 2.

94 2344 164 2393 iliona
175 2343 217 2393 ed.
230 2343 293 2393 Par.
311 2345 378 2394 Peri.
410 2345 680 2397 dumhabetBr.-34
695 2344 738 2395 Aa
798 2346 878 2396 mm
897 2343 948 2393 nis.
968 2343 1040 2406 Lips.
1061 2343 1102 2393 G.·
1114 2341 1172 2392 ΕΡ.

62 2408 118 2458 ΕΤ.
131 2408 195 2458 ΕΜ.
214 2407 293 2458 West.
327 2409 429 2467 Ludere,
446 2424 496 2458 non
516 2413 620 2461 ududue
639 2406 736 2460 Gneit‘t
813 2408 859 2459 erl.
890 2407 934 2456 Sic
954 2408 1065 2456 Bn-sn
1084 2407 1173 2456 Meir-

60 2473 143 2523 rs'dere
152 2478 251 2537 preter
262 2472 373 2523 Codices
383 2473 533 2524 Priscianus
551 2476 621 2524 clare
638 2472 757 2538 agnoseit
772 2486 799 2538 pt
810 2475 886 2522 11⁸⁷.
897 2478 926 2520 et
937 2475 1010 2520 1201.
1043 2470 1094 2519 Do.
1110 2485 1174 2535 qno·

61 2551 116 2651 que
127 2536 233 2586 inridere
242 2537 364 2600 legebat:
381 2538 485 2600 ⁴,Vide,’
500 2539 594 2604 inquit,
609 2536 848 2602 ‘quemadmodum
859 2535 943 2594 miles,
959 2534 1020 2583 durn
1039 2536 1123 2584 niuita
1139 2533 1174 2584 ad

82 2603 165 2651 ictum
177 2616 249 2650 suum
260 2602 395 2664 pervenire
406 2601 531 2659 fateatur,
548 2602 652 2653 interim
665 2616 740 2666 quam
751 2606 899 2650 contemtus
911 2599 946 2648 sit
957 2605 1035 2662 etque
1055 2598 1176 2649 derisus!

62 2664 360 2728 obtegendumque
378 2668 429 2714 uuit
447 2667 479 2715 ud
496 2666 585 2714 dictum
606 2681 674 2715 suum
692 2665 946 2728 peruenire,scteutur
963 2663 1069 2715 iuterim.
1102 2665 1174 2714 Pace

61 2737 154 2780 tumen
165 2731 311 2792 utriusque,
327 2728 386 2778 dico
398 2744 413 2778 a
423 2743 499 2778 rnanu
507 2729 624 2780 Terentii
635 2729 727 2791 fuisse,
744 2731 778 2778 Et
789 2744 826 2777 me
836 2729 944 2778 irritare.
962 2728 1042 2778 Bent.
1070 2728 1174 2778 irritare

61 2796 147 2845 Bent.
158 2793 272 2854 eleganti
282 2792 434 2855 conjectura
445 2794 518 2856 legit·
536 2793 567 2844 Β.
579 2795 614 2842 D.
647 2794 726 2842 Bent.
739 2791 843 2857 refingit
854 2793 969 2841 irritare:
983 2789 1029 2841 sed
1047 2793 1074 2840 e't
1085 2800 1176 2841 cetere

61 2857 158 2909 turbat
175 2856 297 2906 licentius
317 2871 365 2920 pro
382 2872 463 2921 more,
480 2871 557 2921 qnam
574 2871 631 2920 qnee
652 2857 732 2920 digna
747 2857 799 2905 sint
816 2854 919 2905 referri.
943 2855 1002 2918 Bip.
1037 2854 1102 2911 Quid
1120 2855 1176 2918 ogis

60 2922 184 2987 expressi
194 2937 227 2971 ex
239 2920 391 2985 quibusdam
403 2923 467 2972 Mes.
480 2929 507 2972 et
517 2921 659 2985 impressis.
692 2921 831 2981 vulgatum
842 2920 908 2975 Quid
918 2919 955 2968 cis
966 2919 1081 2981 leuguet.
1100 2919 1175 2969 Wsot.

63 2988 136 3044 Quid
145 2985 182 3035 uia
192 3001 279 3036 omnes
292 2986 389 3050 antiqui
401 2985 478 3036 libri:
497 2986 543 3036 sed
556 2986 715 3036 recentiores
728 2985 794 3041 Quid
803 2983 871 3046 agis:
906 2982 956 3032 uod
975 2996 1026 3031 non
1042 2983 1175 3045 displicet.

60 3052 136 3103 Sane
148 3051 222 3100 Beni.
235 3065 284 3114 pro
303 3051 380 3110 homo,
397 3051 495 3113 domini,
513 3051 539 3100 iu
562 3057 686 3101 contextu
704 3050 791 3098 habet.
809 3049 856 3097 Fc.
916 3061 1010 3111 epum,
1027 3047 1093 3102 Quid
1112 3047 1177 3112 agiu,

61 3115 158 3166 usuri
168 3115 274 3178 inquom,
288 3115 421 3178 inpudens?
451 3116 514 3165 ‘ries
534 3130 568 3165 ex
587 3115 700 3171 Nostris,
717 3114 783 3170 Quid
799 3113 871 3175 ogisi
904 3114 989 3162 Recte
1001 3118 1086 3161 autern
1099 3111 1174 3162 Bem.

61 3179 158 3234 bomiri
167 3179 278 3242 iuquumr
296 3193 347 3242 quo
359 3186 387 3228 et
398 3180 479 3229 nostri
490 3185 621 3243 spectant,
637 3181 680 3243 qni
692 3193 743 3228 uno
755 3185 866 3240 excepto
885 3191 974 3226 omnes
992 3175 1089 3225 habent
1107 3177 1175 3232 douo

60 3246 174 3309 suqarms,
190 3243 433 3308 noniuqucmdonro.
449 3246 528 3294 Bent.
561 3244 608 3294 Ais
619 3243 776 3294 &Ze-³6
794 3241 917 3306 Quaers'at]
948 3240 1008 3290 Nisi
1024 3240 1177 3293 cuminter·

62 3307 214 3373 rogationis
234 3316 298 3358 nota
318 3309 486 3372 exprimatur,
508 3309 591 3358 minus
617 3306 745 3371 ἐμφατικὸν
764 3307 823 3356 erit.
856 3306 1024 3370 suadentque
1045 3303 1072 3353 id
1094 3304 1177 3356 verba

62 3373 186 3438 proxime
195 3371 385 3436 praecedentin,
394 3375 420 3422 iu
431 3368 522 3438 quibus
532 3372 621 3423 itidem
630 3371 859 3435 interrogatioest.
874 3371 952 3422 West.
974 3369 1178 3434 Reponqlaepus

63 3443 167 3488 tuen.-
183 3441 207 3486 et
225 3438 370 3500 pulmentum
381 3435 489 3500 queris?
519 3437 659 3488 Hudulsoe.
684 3437 789 3487 Poteris
798 3437 933 3486 etismhoc
941 3435 1177 3498 modunepmrue

64 3517 105 3553 es.-
123 3503 279 3565 upupam
289 3502 393 3565 qcoerur
426 3502 573 3554 flaute:
590 3504 642 3565 vel,
659 3501 1104 3566 Leptutute,pulpumentumquoerist
1132 3499 1176 3548 Hc

63 3567 99 3616 hu
112 3566 159 3616 isc.
192 3565 360 3630 Quocumque
379 3565 456 3616 modo
472 3568 624 3626 constitues,
640 3567 745 3617 omnino
762 3567 852 3615 melina
869 3574 919 3626 est,
935 3573 964 3615 ut
976 3580 1023 3629 per
1031 3565 1176 3629 interroga]-

64 3632 167 3681 tionem
178 3629 337 3695 proferatur.
350 3629 423 3680 Beut.
445 3631 511 3680 Post
519 3632 528 3660 ‘
536 3631 648 3696 qnaeris'
659 3647 710 3681 non
721 3633 885 3695 interrogant
893 3629 1046 3691 Br.Z.Bip.
1070 3628 1119 3677 Hc
1130 3640 1177 3689 pro

64 3695 171 3760 chip.
209 3694 357 3746 Esctdelct
369 3693 514 3745 Boin-se
533 3696 909 3768 dumnndsuroueisoodictum
918 3698 988 3744 mut?
1020 3692 1056 3741 0.
1075 3691 1093 3740 1.
1109 3704 1130 3743 s.
1149 3697 1177 3740 st

569 3822 681 3875 NOTAE

101 3925 137 3972 86
152 3920 230 3986 Iaepus
239 3926 292 3972 tute
305 3937 341 3983 es,
355 3922 411 3987 qu]
427 3921 603 3984 ‘Puipamem
645 3921 749 3986 leporis.
786 3920 870 3984 Hans
888 3932 950 3968 vero
968 3915 1104 3967 Proverbii
1119 3915 1178 3968 hoec

67 3996 141 4049 tnm'
166 3995 298 4062 significet
317 4012 408 4048 carnes
428 3997 603 4059 delicatiores,
644 3999 843 4048 estseutentiar
861 3997 902 4045 Τιι
914 4010 942 4045 ee
954 3994 981 4044 id
996 3993 1065 4059 quod
1081 3994 1178 4058 queris¹

68 4084 97 4122 et
110 4072 221 4122 lautiora
230 4072 347 4123 obsonia.
381 4073 469 4136 Pulps
485 4077 527 4122 est
543 4087 603 4136 pers
644 4073 670 4123 in
683 4079 785 4135 ecort03
796 4071 866 4137 quod
876 4072 904 4122 in
916 4079 943 4121 te
952 4069 1179 4136 nubeqnocque·

68 4160 181 4200 menses
191 4147 338 4214 incorpore
348 4148 473 4213 animalis,
482 4153 512 4198 ut
522 4148 603 4199 lumbi
644 4149 820 4202 ririusitsro.
