2678 4702
118 282 183 348 246
451 293 644 343 suasanus
669 292 884 342 suasorius

121 439 247 507 Rursus,
262 437 286 496 si
299 436 335 495 ab
349 435 406 496 hoc
420 433 566 514 Euripidis
582 434 708 507 senario,
728 435 779 514 qui
789 434 901 514 primus
915 435 1052 495 omnium
1069 436 1102 495 in
1117 434 1208 495 Oresta

123 532 273 613 [llecuba]
285 531 375 603 venit,

322 628 389 687 Hss'r
404 649 507 702 νεκρων
519 627 665 703 κινθμώνα
678 647 725 684 sas
737 624 836 685 osoror'r
850 628 950 696 rohos,

122 755 228 836 pedem
243 755 433 815 novissimum
449 753 582 821 auferant
607 753 771 833 quinarium
794 753 857 833 jam
880 753 1019 827 habebis,
1044 756 1212 836 perfectissi-

123 869 203 913 mum
217 851 352 913 hodierni
366 850 459 911 nostri
473 849 549 929 epici
561 848 728 930 exemplar:

399 981 467 1041 Ηκύ
481 1004 583 1059 scapus
600 979 606 1061 Ι
624 983 767 1059 κενθμώνα
782 1000 828 1038 και
842 978 949 1037 csorcr'r.

194 1076 321 1156 Though
335 1076 421 1157 deep,
435 1086 484 1157 yet
495 1077 584 1150 clear,
602 1073 609 1154 Ι
626 1075 739 1156 though
754 1074 864 1154 gentle,
878 1084 929 1154 yet
941 1084 997 1134 not
1010 1073 1088 1134 dull.

126 1223 162 1281 ln
177 1221 303 1301 Anglico
318 1232 417 1282 tamen
431 1222 490 1284 hoc
504 1233 589 1283 notes
608 1223 706 1297 velim,
729 1231 789 1283 tres
812 1220 941 1302 syllabas
955 1204 1116 1300 positione
1123 1221 1216 1300 longas

126 1317 193 1378 loco
216 1316 347 1377 brevium
367 1319 447 1398 poni.
489 1317 549 1378 Eas
568 1328 601 1378 tu
624 1329 740 1397 postea,
766 1328 796 1378 et
818 1337 904 1397 quam
928 1317 1092 1377 Denhamo
1116 1318 1219 1377 venian
1257 1376 1259 1385 ,

128 1413 279 1487 concedis,
292 1415 429 1474 Terentio
454 1433 555 1494 negas.
598 1414 848 1476 Perfectissimum
869 1422 965 1473 autem
991 1412 1146 1493 exemplar
1162 1410 1219 1472 ideo
1257 1422 1259 1433 '

129 1509 264 1590 appello:
286 1520 320 1570 ut
333 1511 428 1590 poetis
440 1511 630 1584 nostratibus,
645 1511 756 1590 ingenii
770 1529 842 1570 sane
856 1529 1001 1588 venoeque
1015 1508 1163 1581 felicibus,
1176 1506 1221 1567 sed

128 1605 300 1666 eruditionis
322 1607 470 1666 interdum
490 1607 624 1679 modicis,
646 1607 718 1688 quid
741 1606 875 1666 hodierni
899 1605 987 1684 epici,
1016 1624 1080 1683 quo
1104 1604 1221 1664 numeris

131 1700 264 1760 omnibus
289 1702 441 1762 absolutus
465 1704 527 1776 fiat,
551 1704 704 1783 rhythmus
729 1704 894 1783 geniusque
919 1700 973 1761 sibi
998 1712 1121 1782 poscat,
1140 1701 1222 1761 obiter

131 1795 307 1856 ostendam:
328 1799 358 1856 in
373 1798 506 1858 versibus
519 1819 625 1879 nempe
640 1801 763 1880 singulis
785 1808 845 1858 tres
861 1796 992 1877 syllabas
1005 1798 1125 1858 breves.
1166 1797 1222 1855 lloc

132 1909 204 1950 sane
218 1891 419 1952 confitendum
433 1902 490 1965 est,
504 1913 624 1955 avorum
636 1905 779 1975 tempore,
791 1895 911 1954 scabros
922 1911 1109 1972 asperosque
1123 1913 1224 1963 versus,

131 2006 241 2065 magno
254 1986 411 2067 longarum
423 1988 553 2070 pondere
577 2002 713 2062 onustos,
727 1990 900 2069 plerumque
922 1988 1051 2048 exiisse:
1075 1987 1223 2050 hodiernos

134 2093 232 2162 autem
247 2087 350 2164 politas
364 2085 454 2165 longe
475 2106 527 2146 eos
549 2089 701 2148 teretiores
724 2086 959 2165 tornatioresque
976 2085 1070 2153 dare3
1098 2085 1152 2149 sed
1165 2102 1225 2144 anre
1256 2146 1259 2161 =

133 2178 269 2238 fortassis
283 2179 434 2256 magistra,
457 2200 518 2240 non
538 2192 619 2249 arte;
640 2202 709 2259 quae
729 2191 830 2241 tamen
853 2201 901 2240 ars
919 2181 1065 2262 principio
1085 2182 1224 2262 judicibus
1256 2198 1259 2205 ·

135 2274 252 2332 auribus
278 2272 451 2334 dedebatur.
494 2275 613 2335 Habent
640 2276 749 2355 itaque,
771 2276 851 2357 quod
876 2277 905 2336 in
931 2276 1024 2356 longo
1052 2298 1128 2338 sane
1148 2296 1224 2358 opere

134 2369 244 2428 frustra
270 2371 496 2448 expectandum,
527 2371 558 2429 in
588 2370 798 2451 epigrammate
829 2370 875 2430 vel
911 2370 1040 2450 elegiola
1068 2373 1155 2433 facile
1180 2373 1223 2431 ob·

136 2465 300 2536 sinendum,
328 2485 431 2525 versus
458 2466 534 2546 epici
561 2466 730 2546 exemplam
755 2485 814 2545 quo
836 2476 866 2524 et
890 2487 1031 2526 ursmarus
1053 2466 1185 2528 brevium
1201 2474 1223 2525 et
1250 2504 1259 2549 y

138 2561 225 2620 sedes
240 2560 445 2620 ostenduntur.
485 2561 663 2640 Quanquam
685 2563 716 2622 in
735 2561 844 2621 nostris
867 2572 913 2622 est
935 2572 967 2622 et
988 2557 1128 2625 varietati
1143 2565 1219 2632 locus,
1257 2558 1259 2563 ’

139 2666 173 2715 ut
186 2657 215 2715 in
230 2655 276 2715 his
289 2675 297 2714 :

221 2784 346 2864 'l'hough
363 2781 448 2864 deep,
463 2795 514 2865 yet
525 2785 622 2854 clean
637 2785 750 2865 though
766 2785 876 2866 gentle,
890 2798 940 2868 yet
953 2797 1008 2847 not
1022 2788 1104 2858 dull;

221 2879 330 2960 Strdng
343 2882 467 2941 without
480 2901 562 2961 rage‚
575 2880 698 2942 withdut
711 2883 965 2963 o’erflowingiull.

142 3020 223 3080 Ictus
238 3019 267 3080 in
282 3020 339 3080 hoc
352 3021 524 3101 posteriore,
538 3020 589 3099 qui
603 3021 634 3079 in
649 3020 781 3079 secunda
796 3021 908 3100 syllaba
922 3021 984 3079 ficri
999 3024 1090 3094 solet,
1103 3024 1132 3081 in
1148 3023 1219 3101 prima

142 3117 195 3183 fit;
217 3128 247 3176 ct
259 3128 383 3178 venuste
404 3116 543 3196 quidem;
567 3117 656 3176 modo
680 3135 744 3175 raro
766 3119 827 3189 liat,
847 3137 883 3176 ac
896 3117 992 3176 brevis
1007 3130 1159 3196 sequatur.
1193 3115 1220 3172 El

142 3213 243 3270 nescio
257 3213 404 3291 equidem,
419 3232 456 3272 an
470 3213 499 3271 in
514 3213 651 3272 Terentio
667 3231 795 3291 quoque,
816 3231 883 3271 cum
904 3212 1069 3271 trimetrum
1085 3211 1219 3293 aliquoties

142 3305 262 3366 inchoet
276 3310 324 3379 ab,
346 3306 454 3380 hicine,
473 3306 589 3378 hocine,
605 3306 706 3379 sicine,
721 3306 821 3379 libera,
835 3327 895 3366 nou
908 3307 939 3365 in
952 3308 1077 3385 primam
1092 3309 1220 3369 retrahen-

136 3388 203 3458 dus
218 3402 256 3460 sit
269 3410 421 3473 accentus,
443 3399 543 3473 libera,
565 3406 622 3461 dcc.
644 3403 733 3462 etiam
756 3403 787 3461 in
811 3403 955 3471 iambico;
979 3405 1017 3464 ob
1043 3407 1074 3466 τὸ
1095 3408 1222 3485 ἱσόχρονον

146 3494 260 3555 scilicet
274 3506 303 3555 et
317 3497 480 3574 ῖσόῤῥυθμον
494 3515 581 3564 ;cum
595 3495 760 3576 rhythmus,
776 3497 989 3577 Hephaestioue
998 3494 1087 3571 teste,
1099 3502 1138 3560 sit
1150 3508 1223 3559 metro

145 3591 302 3672 potentior.
342 3591 412 3653 Tale
426 3591 500 3653 illud
514 3593 623 3666 Plauti,
638 3593 769 3653 Rudent.
784 3613 823 3652 11.
840 3594 867 3651 6.
884 3596 933 3653 29.

310 3730 444 3790 Piscibus
458 3729 488 3788 in
504 3731 564 3790 alto
575 3730 664 3791 credo
678 3730 812 3810 praebent
824 3730 963 3808 pabulum
977 3751 984 3790 τ

149 3863 210 3935 ubi,
224 3860 365 3940 piscibus,
378 3857 517 3917 libentius
531 3858 671 3932 efferrem,
686 3879 784 3938 quam,
798 3857 938 3938 piscibus.
