2678 4702
575 305 712 353 unoetu
738 306 917 356 VETERUM

414 509 547 587 Cicero,
562 509 604 573 de
620 509 749 592 optimo
765 529 881 593 genere
898 520 1081 576 oratorum.

244 619 283 693 iu
298 648 332 693 re
346 627 434 710 quod
449 627 610 711 optimum
632 629 677 692 sit
698 631 876 712 quaeritur:
899 629 935 692 in
949 629 1149 696 hominibus
1173 634 1283 709 dicitur,

198 732 290 815 quod
301 738 362 794 est.
408 729 530 812 Itaque
544 729 624 794 licet
635 728 756 808 dicere,
772 739 807 796 et
822 728 967 794 Ennium
982 750 1156 796 summum
1172 737 1285 818 epicum

198 832 341 916 podium,
356 833 384 896 si
401 832 455 895 cui
472 833 520 895 ita
534 831 685 914 videtur3
708 838 743 898 et
757 833 947 898 Pacuvium
968 834 1160 916 tragicum
1183 843 1213 900 et
1227 837 1287 901 Cae·

199 1021 233 1072 de
243 1031 330 1072 nostro
344 1025 420 1087 poete
435 1025 572 1088 excidisse,
588 1024 646 1090 qn'ar
658 1024 728 1074 nullo
768 1024 829 1090 qnid
846 1026 952 1076 nimium
966 1025 1127 1088 videbatur3
1146 1026 1257 1077 invitatis
1268 1031 1289 1073 et

199 1098 275 1148 modo
290 1099 405 1162 defendi,
417 1116 447 1151 ac
458 1117 490 1150 ue
502 1101 608 1152 tolerari
624 1101 726 1165 quidem
768 1101 870 1165 placide
880 1101 1007 1153 traductis
1024 1104 1059 1153 ed
1075 1104 1195 1154 rectiora
1206 1102 1290 1161 animis,

197 1183 317 1239 possunt.
768 1178 968 1240 utvoluptateru
980 1178 1095 1241 nonjarn
1115 1195 1151 1228 ex
1172 1180 1225 1229 solo
1239 1177 1291 1229 usn.

231 1252 299 1300 Illud
324 1253 426 1317 quidem
449 1253 562 1303 libenter
596 1250 726 1313 sumimus,
767 1251 836 1316 quod
856 1253 1109 1316 imperitissimornur
1131 1261 1184 1318 est,
1205 1252 1248 1303 sed
1265 1265 1291 1300 ex

199 1328 267 1392 qtrod
285 1329 318 1378 de
331 1330 429 1393 judicio
445 1330 533 1394 populi
545 1328 658 1379 fatetur:
677 1343 727 1391 uiro
768 1327 955 1377 cousuetudine
967 1328 1030 1378 vitoe
1040 1327 1210 1394 fortunisque
1218 1329 1292 1377 huma·

198 1407 301 1455 etiamsi
313 1415 460 1468 sirucratunr
473 1422 529 1456 esse
541 1408 625 1470 legem
637 1421 653 1454 a
666 1405 727 1455 Put·
766 1417 816 1464 nur,
828 1403 941 1466 eleganti
952 1418 1039 1454 rerum
1049 1411 1129 1455 textu
1142 1419 1174 1454 ac
1182 1415 1293 1452 consecu-

199 1482 300 1531 lemone
321 1481 500 1546 Menandrum,
511 1480 623 1532 noudum
641 1489 727 1531 tamen
767 1478 838 1528 tione
854 1493 901 1541 per
919 1478 1091 1530 imitationem
1105 1493 1240 1544 expressa,
1253 1477 1293 1526 sibi

199 1555 261 1605 idco
273 1556 418 1607 Menandro
435 1559 516 1622 major
534 1566 573 1608 est
583 1557 727 1608 Philemon.
766 1553 905 1616 petendum
921 1553 1084 1618 judicarent.
1120 1555 1208 1606 Quem
1223 1553 1293 1616 ipssa

200 1635 289 1684 Debet
302 1637 379 1693 eninr,
391 1638 417 1684 ni
433 1637 518 1698 fallor,
535 1635 643 1685 eruditis
659 1635 728 1685 idem
768 1643 823 1679 rem
833 1643 891 1680 eum
903 1629 1037 1681 Commii!
1051 1630 1133 1680 Nm
1144 1629 1196 1679 δὶδὶ
1213 1641 1294 1693 W

197 1704 291 1769 licere,
308 1707 376 1773 quod
396 1710 506 1772 populo:
524 1719 553 1759 ut
571 1709 611 1759 liic
622 1709 728 1774 quidem
768 1705 871 1767 suisset,
881 1705 988 1755 aliorum
999 1705 1135 1754 industris
1147 1719 1211 1754 sune
1221 1702 1294 1768 prote

199 1797 249 1846 pro
261 1797 306 1832 suo
318 1786 450 1847 captu,illi
461 1798 507 1847 pro
519 1783 729 1846 ingenioetdoc·
769 1781 852 1843 uerit,
868 1788 940 1832 certe
957 1782 1037 1832 solius
1058 1782 1185 1831 Terentii
1204 1776 1295 1843 ingenit

198 1858 541 1910 trinasententismferunt.
557 1858 674 1910 Arenim
686 1874 730 1924 po·
769 1853 944 1918 adfertigium
956 1855 1084 1907 ascendit.
1120 1854 1151 1905 Si
1160 1854 1296 1919 igiturVol·

197 1935 254 2001 puli
260 1935 362 1999 jndicio
370 1930 414 1985 hic
423 1936 542 1986 standum
560 1942 615 1986 est:
633 1938 730 2001 populo
770 1932 853 1982 catius
866 1930 997 1997 Sedigitas
1007 1930 1043 1982 de
1051 1930 1172 1983 Cornicis
1179 1930 1296 1997 judiciuin

199 2010 329 2062 dabuntur
340 2009 450 2072 febulae3
468 2019 495 2062 et
512 2011 533 2061 is
552 2011 621 2061 ‘non
636 2010 669 2060 ad
680 2011 732 2061 dis·
770 2006 939 2071 ferrevoluit,
948 2022 995 2058 cur
1007 2014 1063 2060 tam
1071 2008 1181 2059 diverse
1189 2007 1296 2058 miscuit?

198 2088 308 2138 cendum
328 2088 451 2137 sermonis
463 2086 603 2150 puritatem
619 2100 651 2136 eo
671 2101 731 2137 con·
772 2083 824 2133 Cor
835 2082 956 2134 Plautum
967 2090 996 2134 et
1015 2081 1080 2134 alios
1102 2084 1167 2135 ideo
1184 2084 1297 2149 pretulit,

199 2161 309 2224 fluebat,
326 2163 371 2212 scd
383 2162 538 2212 adanimunr
551 2162 604 2212 sisu
616 2177 647 2212 ac
661 2163 730 2227 jocis
771 2158 839 2221 quod
851 2157 908 2222 plut
921 2155 955 2209 de
967 2158 1079 2223 sutiqooe
1098 2158 1244 2210 Comoedlae
1260 2171 1296 2221 ge

200 2238 367 2286 relaxandum
380 2235 396 2285 :'
423 2252 481 2301 quae
505 2236 629 2295 Scaligeri
652 2238 731 2289 verbu
770 2230 969 2295 nioreserreut3
987 2233 1298 2299 corp-opulentasset
1330 2272 1333 2297 ,

200 2317 268 2360 sunt.
301 2309 353 2360 Sed
372 2309 492 2375 περιεργία
502 2311 591 2377 populi
600 2324 652 2361 non
661 2312 730 2363 tollit
770 2307 829 2356 tiori
847 2310 944 2359 saeculo
954 2309 1023 2360 hund
1040 2325 1116 2374 segre
1135 2310 1171 2361 ad
1187 2308 1299 2362 solutiore

200 2385 293 2436 artium
321 2384 451 2436 institute.
493 2386 602 2439 Qtrando
624 2387 649 2436 iu
673 2386 729 2438 foro
770 2383 927 2449 respicienti,
956 2385 1077 2436 adulatus
1108 2388 1211 2452 potius,
1231 2399 1298 2452 quun

202 2476 261 2510 reus
274 2471 410 2511 accusatur
426 2478 456 2512 ac
473 2461 632 2524 defenditur,
649 2477 730 2528 popu·
771 2459 884 2511 Podseos
892 2462 1022 2523 instituto,
1031 2469 1060 2512 et
1068 2463 1201 2514 doctrinae
1211 2462 1299 2527 legibue

199 2535 622 2587 lussoncouduituddiscendurn
633 2545 730 2587 sermo·
771 2534 910 2586 obsecutus
921 2536 979 2586 est?
1011 2536 1066 2586 Sed
1080 2539 1222 2589 mittamus
1237 2534 1298 2588 Sedi-

200 2612 240 2660 uis
250 2611 405 2674 elegantiam
416 2627 424 2671 ;
436 2626 520 2676 neque
532 2617 673 2675 propterea
681 2627 730 2663 non
772 2609 853 2674 gitum
866 2624 873 2658 t
891 2613 935 2676 qui
947 2618 1034 2662 tamen
1052 2611 1163 2663 errandi
1178 2612 1298 2679 uestium
1331 2658 1333 2669 .

201 2685 653 2752 larrdubiturOrator,quleistudet.
664 2687 731 2738 Con.
772 2692 863 2734 utrctor
883 2685 951 2737 fuit:
968 2702 1039 2750 nem,
1057 2694 1088 2739 ut
1105 2690 1167 2754 ejus
1181 2689 1298 2754 judiciuin

200 2758 306 2810 illuxerit
318 2761 471 2826 populusad
485 2762 668 2813 oblectandum
678 2764 731 2813 ani·
771 2761 937 2827 defenderet,
952 2779 998 2814 suo
1017 2779 1071 2815 nou
1090 2764 1163 2817 bene
1182 2783 1244 2818 nsus
1258 2770 1299 2816 est

200 2849 270 2886 mum
284 2837 338 2886 visu
350 2842 376 2886 et
396 2837 485 2887 auditu
503 2853 588 2888 rerum
609 2839 732 2889 ridicula·
772 2836 837 2889 Quis
849 2839 916 2889 enirn
928 2855 1005 2904 porro
1015 2838 1085 2891 ferat
1097 2842 1169 2893 ista?
1201 2842 1298 2893 ‘ntro
1331 2828 1333 2847 '

201 2927 276 2973 rum3
292 2912 350 2962 hnic
360 2912 488 2963 desiderio
500 2914 639 2977 explendo,
656 2929 731 2963 nemo
773 2920 899 2975 putentur
907 2915 980 2980 ipsus,
993 2915 1118 2981 profecto
1132 2918 1297 2984 languidiores

200 2987 384 3054 opinorPoiitu
392 2987 505 3039 fabulum
517 2992 666 3055 scripseritr
683 2988 733 3039 his·
771 2996 848 3038 eruut
860 2989 1022 3041 Terentiana
1033 2991 1051 3040 ι’
1063 3008 1145 3058 quarn
1153 2995 1224 3058 apnd
1232 2992 1297 3044 Plus·

200 3065 285 3115 trlone
296 3065 364 3135 eninr
377 3080 452 3130 qoam
463 3064 542 3130 poiita
558 3065 661 3130 dignior
676 3065 733 3116 lraec
773 3066 829 3111 tum
846 3065 947 3116 scilicet
964 3067 1093 3132 aliosque.
1129 3070 1196 3122 Quis
1208 3066 1295 3119 demun

200 3154 279 3205 opera
288 3148 366 3191 esset.
382 3141 472 3192 Potito
482 3141 627 3192 institutum
636 3141 733 3206 adphi·
772 3135 817 3186 iile
829 3139 955 3204 languor?
972 3141 994 3190 ti
1005 3141 1092 3192 omnit
1111 3146 1242 3203 excutitis,
1256 3145 1294 3192 ¹¹⁰⁶

201 3215 345 3287 losoplriam
358 3223 480 3280 spectat:
498 3226 575 3283 atque
598 3219 623 3267 ln
633 3219 732 3268 Cornoe-
772 3213 910 3267 dicendum
922 3216 1015 3268 fueritt
1032 3216 1100 3272 Quae
1114 3235 1159 3271 res
1171 3222 1198 3271 in
1209 3220 1293 3271 domu
1332 3241 1333 3274 u

202 3287 247 3338 dra
266 3290 313 3338 ltoc
332 3290 417 3353 ipsum
439 3292 504 3354 agit,
522 3299 561 3354 ut,
577 3293 637 3341 dum
657 3299 732 3355 putat
772 3291 1038 3358 diuitaexhibeutur,
1049 3295 1175 3346 ntminus
1187 3304 1293 3362 captetur
1331 3303 1333 3350 l

200 3365 309 3426 populus
318 3364 441 3414 ludicram
451 3378 505 3414 rem
511 3367 576 3429 geri,
586 3381 673 3417 amose
683 3369 732 3416 vir·
774 3367 848 3430 risus,
869 3382 953 3433 neque
964 3367 1032 3431 jocis
1052 3377 1081 3420 et
1101 3368 1209 3421 facetiis
1225 3369 1293 3420 nuruis
1329 3377 1333 3429 l

202 3446 297 3501 tutum,
319 3438 378 3489 odio
400 3440 529 3502 vitiorum,
557 3456 665 3507 queque
693 3443 732 3494 liis
772 3440 937 3507 impleantur,
958 3445 1011 3494 iltae
1032 3444 1216 3509 languidiores
1238 3451 1292 3495 sunt.
1329 3474 1333 3507 t

201 3511 289 3564 affinia
300 3520 368 3576 stunt,
380 3523 407 3564 et
419 3515 451 3564 sd
462 3516 635 3568 emendandos
647 3533 731 3570 mores
770 3516 910 3584 Nunquam
928 3518 1032 3570 tulisset
1047 3520 1093 3570 ille
1110 3523 1235 3587 princeps
1250 3518 1292 3571 Cri·
1331 3534 1332 3539 ¹

200 3589 345 3654 pertinent,
357 3589 496 3642 imbuatur.
519 3592 731 3645 Rudioribusita·
770 3593 1291 3665 ticorumaeqnoanirno,siquisquamsliut
1329 3611 1333 3653 l

201 3679 253 3731 que
264 3665 434 3730 temporibus,
453 3665 541 3718 rudius
561 3670 610 3719 hoe
629 3668 730 3720 solebat
770 3669 963 3733 pronuntinsset
973 3668 1167 3734 languidiorem
1177 3666 1290 3724 essei‘oi·
1329 3695 1333 3730 t

200 3743 275 3794 fieris
289 3744 431 3809 animisque
451 3758 499 3795 nec
515 3747 665 3811 compositis
681 3763 730 3798 nec
770 3743 819 3808 sin,
835 3744 880 3794 ubi
891 3745 1029 3808 retinetur,
1046 3746 1118 3810 quod
1130 3755 1173 3798 est
1189 3742 1291 3799 difficili·
1330 3753 1332 3769 '

198 3820 312 3869 excultis
335 3819 433 3884 aliquid
457 3821 641 3886 indulgendum
664 3830 729 3873 erat.
770 3832 849 3882 mum,
860 3818 907 3868 sed
918 3819 1003 3870 Poiita
1013 3830 1140 3874 accurato
1151 3825 1290 3893 digamus
1330 3846 1333 3879 ι

200 3893 572 3960 Accedeutequodumcnltu,
589 3901 618 3944 ut
633 3896 659 3944 in
677 3912 730 3946 om·
770 3894 902 3945 hilaritate
912 3897 1009 3947 modus.
1042 3897 1134 3951 Quid?
1150 3898 1289 3967 qnodurlre
1330 3917 1333 3952 t

200 3968 275 4017 nibus
288 3970 437 4021 civitatibus
450 3970 482 4020 ab
494 3969 633 4020 inconditis
654 3974 730 4021 mori·
771 3972 862 4022 nitatis
873 3973 1020 4024 eruditueuc
1031 3972 1186 4028 festivitufis
1196 3975 1289 4028 artifieit
1331 3999 1333 4031 ι

202 4040 251 4089 bus
275 4044 307 4092 ad
328 4048 422 4106 gradus
441 4047 564 4111 quosdam
587 4043 730 4110 disciplinas
772 4048 867 4096 nemini
895 4048 967 4098 cedit
993 4050 1142 4104 Terentius.
1191 4052 1287 4103 Tsntnn
1330 4073 1333 4106 ι

202 4117 362 4182 proceditur,
380 4121 575 4185 temperandum
587 4127 644 4171 erat
660 4123 731 4187 quic·
772 4125 848 4177 obest
858 4125 953 4177 rationi
964 4128 1121 4194 auctoritas,
1132 4131 1176 4182 cui
1186 4137 1212 4182 te
1223 4124 1287 4180 seut!
1330 4143 1333 4181 ι
