2678 4702
197 304 264 372 duc
572 318 603 366 r.
625 317 810 367 runnuru
837 317 923 367 urnr

199 463 317 530 Minus
329 471 450 550 potens
466 481 568 548 quem
583 467 640 544 tu;
662 463 772 531 minus
786 468 895 543 notus,
916 463 1027 527 minus
1044 460 1231 528 amicornm
1244 461 1289 526 hic

329 566 469 632 hebens.

202 667 270 736 Gn.
293 669 374 734 Scio
390 671 491 734 istuc.
537 667 618 745 Sed,
637 675 676 732 tu
692 668 781 752 quod
798 687 917 734 cerere
938 669 1068 752 possis,
1090 668 1228 733 stultum
1240 664 1289 732 ed-

328 772 458 836 mittere
472 772 526 836 'st

200 871 296 939 Melo
309 893 385 957 ego,
401 894 464 940 nos
478 876 680 960 prospicere,
693 895 797 961 quam
809 875 897 941 hunc
912 874 1048 955 ulcisci,
1062 879 1206 958 occepta
1218 873 1289 956 inju-

329 996 389 1042 rra.

199 1079 256 1146 Tu
271 1079 341 1156 obi,
368 1086 470 1163 etque
491 1081 617 1144 obsera
639 1077 763 1143 ostium
784 1078 886 1159 intus,
906 1097 969 1162 ego
987 1077 1077 1142 dum
1098 1079 1179 1145 hinc
1198 1083 1289 1142 nans·

331 1200 427 1245 curro
443 1182 487 1245 ud
502 1183 620 1247 sorum.
1254 1179 1291 1240 25

200 1282 293 1349 Volo
310 1302 372 1367 ego
388 1283 504 1349 adesse
519 1284 575 1349 hic
597 1283 786 1350 advocatos
810 1283 910 1350 nobis
935 1285 970 1348 in
990 1285 1093 1349 turba
1114 1284 1191 1350 hec.
1230 1281 1290 1345 Tu.

331 1384 371 1449 Μ
415 1405 443 1451 e.

202 1490 271 1557 (iu.
294 1405 422 1554 Melizls
450 1495 514 1553 cst.
557 1488 626 1554 ΤΗ.
657 1487 770 1554 Mune.
814 1488 883 1555 Cu.
918 1488 1067 1554 Omitte:
1086 1488 1163 1574 jem
1192 1487 1290 1553 adero.

330 1594 401 1660 ΤΗ.
424 1592 520 1658 Nihil
534 1612 621 1676 opus
636 1598 687 1656 est
701 1593 789 1671 istis,
805 1591 961 1657 Chreme:

202 1696 283 1762 Hoc
298 1698 401 1762 modo
417 1696 485 1774 dic,
501 1714 647 1759 sororem
662 1696 753 1760 illam
768 1701 862 1761 tuam
877 1714 961 1773 esse,
983 1701 1019 1758 et
1033 1697 1068 1758 te
1082 1712 1226 1778 parrum
1241 1694 1292 1757 vir·

365 1816 403 1858 n.

203 1816 498 1980 Amisis{d;e¹111¹unc
528 1916 712 1981 cognosse:
744 1898 839 1982 signa
868 1896 1018 1962 ostende.
1062 1897 1134 1962 Pu.
1157 1897 1293 1963 Adsunt.

331 2001 403 2066 ΤΗ.
425 1998 529 2083 Cape.
1048 2026 1067 2066 ς.

204 2104 243 2170 Si
258 2104 327 2172 rim
341 2103 457 2179 faciet,
480 2103 516 2166 in
533 2100 593 2184 jus
616 2100 732 2166 ducito
751 2099 939 2165 hominem:
963 2100 1195 2167 intellextin't
1236 2101 1295 2167 Cn.

333 2206 454 2272 Probe.
1261 2206 1297 2269 30

203 2389 293 2439 edreuu
304 2394 348 2450 est,
360 2391 436 2439 suiuus
444 2394 536 2452 puteus,
547 2404 617 2452 quoru
628 2394 674 2447 tu,·
690 2388 767 2437 miuus
778 2393 857 2450 notus,
870 2394 894 2438 et
906 2389 984 2438 miuus
994 2389 1126 2438 suricorum
1138 2390 1226 2439 habeus
1235 2389 1259 2438 iu
1270 2386 1300 2435 uu

204 2454 269 2502 treis.
312 2456 364 2504 Cn.
382 2455 436 2504 Hoc
453 2462 491 2502 sut
509 2455 571 2512 seio;
593 2455 634 2503 sed
652 2454 807 2516 imprudentis
825 2460 858 2502 est
877 2455 988 2503 domuum
1004 2456 1059 2517 poti
1074 2461 1100 2503 et
1119 2456 1233 2517 recipere,
1249 2452 1299 2516 quod

205 2520 294 2567 eciture
301 2525 323 2567 et
336 2534 416 2568 arcere
425 2519 506 2581 possis.
539 2519 608 2566 Muto
626 2533 670 2580 ego
682 2533 724 2566 uos
739 2533 820 2566 curere
830 2519 859 2567 nb
875 2518 915 2566 illo
927 2519 1019 2579 Milite,
1037 2535 1109 2582 quum
1127 2524 1300 2583 perterrentur

204 2582 317 2641 irq'urium
336 2585 462 2630 vindictum
480 2585 593 2630 aduersus
603 2598 654 2630 eum
670 2585 784 2643 persequi.
828 2584 863 2631 Tu
880 2582 919 2629 ubi
937 2584 1032 2632 domum
1048 2586 1124 2642 iutro,
1142 2589 1167 2633 et
1183 2600 1236 2633 sero
1244 2584 1301 2642 sores

203 2647 294 2706 claude,
307 2648 362 2694 dum
373 2662 415 2706 ego
426 2647 480 2693 tuuc
491 2649 521 2693 ud
527 2647 609 2701 sorum
620 2651 772 2702 trunseurro5
788 2648 839 2694 volo
849 2648 894 2695 irre
903 2649 1017 2695 adducere
1028 2651 1165 2706 aduocatos,
1182 2649 1301 2708 defensores

203 2708 307 2758 roduin
318 2711 479 2758 doetumuttu.
513 2711 565 2758 Tur.
583 2711 664 2759 Mune.
699 2711 752 2758 Cri.
770 2711 860 2759 Metius
876 2717 910 2760 est
923 2715 1223 2762 utodooeatosudducnm.
1254 2711 1300 2758 Tu.

205 2774 289 2823 Mune.
323 2776 375 2825 Cn.
393 2776 483 2825 Desine
494 2790 530 2822 me
541 2775 656 2830 detinere,
673 2789 728 2823 mox
738 2776 838 2824 rediero.
871 2776 922 2825 Tu.
941 2777 1013 2825 Nihil
1024 2792 1081 2840 spru
1092 2784 1129 2826 eet
1139 2779 1198 2826 istis
1208 2776 1302 2832 euritii&

207 2839 321 2889 Chreme:
345 2841 383 2889 dic
398 2841 464 2889 ruodo
481 2840 546 2888 iilum
564 2845 630 2888 tuem
645 2853 748 2888 sororem
758 2855 816 2899 esse,
833 2845 856 2888 et
867 2844 891 2888 te
909 2842 974 2890 ilium
983 2842 1110 2903 paruulum
1121 2842 1238 2904 curiense,
1250 2853 1301 2888 rure

205 2906 353 2965 cognouisse:
369 2907 439 2968 signu
453 2907 512 2962 dec,
531 2905 614 2967 quidue
630 2903 711 2966 prober
728 2903 765 2951 itu
781 2907 951 2964 esse‚osteude.
985 2907 1037 2954 Pu.
1054 2906 1154 2956 Adsunt
1171 2909 1222 2956 iuer
1232 2917 1300 2953 mour·

204 2975 291 3019 urente.
333 2971 386 3019 uu.
405 2971 468 3033 Curre
487 2985 524 3030 ee,
543 2970 652 3018 Chreme.
695 2968 725 3017 Si
740 2969 878 3029 nimfociet
894 2970 976 3032 Miles,
991 2971 1072 3031 injus
1093 2987 1158 3035 rore,
1177 2977 1220 3021 out
1236 2969 1300 3018 trote.

662 3080 840 3103 mmm

207 3183 299 3230 2-22
315 3180 453 3230 Amicorum
464 3181 501 3231 trie
512 3181 697 3246 tadeusmiuus]
708 3181 746 3230 Ea
763 3196 822 3245 quae
839 3181 865 3230 in
883 3179 956 3229 tibris
976 3180 1096 3230 omnibus
1113 3187 1155 3231 est
1175 3178 1302 3231 cottoertio

207 3245 428 3295 vehementiorem
449 3247 552 3295 videtur
572 3246 683 3296 reddere
713 3248 874 3296 orationem:
899 3247 978 3294 miuus
999 3247 1129 3294 amicorum
1150 3247 1192 3295 hic
1210 3248 1302 3295 deun:

208 3309 278 3372 quod
291 3326 322 3358 cx
336 3317 476 3359 totoversu
491 3312 583 3360 melius
600 3312 681 3360 videri
702 3320 796 3373 potest.
816 3312 861 3359 Fu.
896 3311 994 3359 Eodem
1013 3310 1106 3359 ordine
1117 3313 1200 3360 nostri
1217 3323 1303 3359 omues

209 3373 347 3423 Beni-23
365 3376 421 3424 Seio
438 3391 480 3437 ego
502 3379 562 3424 istuc
574 3377 606 3426 G.
622 3377 674 3424 ΕΤ.
687 3376 750 3424 ΕΜ.
771 3375 852 3426 West.
875 3377 928 3436 Ego
945 3375 1010 3423 GM.
1030 3375 1108 3437 bene,
1121 3383 1150 3424 ut
1171 3377 1207 3425 sit
1225 3391 1254 3424 eu
1269 3372 1304 3420 ud·

207 3451 284 3485 verso
295 3439 303 3466 ‘
315 3438 360 3499 tu,’
373 3440 441 3502 quod
451 3441 578 3504 sequitur.
588 3442 653 3489 Peri.
672 3441 761 3489 Cerere
769 3445 795 3489 tu
807 3441 866 3503 quod
883 3439 1027 3488 Boiu-25
1039 3441 1134 3488 Ostium
1145 3440 1237 3489 obruo.
1254 3437 1304 3488 Cot·

207 3501 302 3551 locatio
314 3502 339 3549 iu
353 3504 426 3552 Bem.
437 3511 464 3552 et
476 3505 603 3568 aliquibus
613 3505 677 3560 eliis,
689 3513 717 3553 et
726 3507 832 3555 Donato
843 3505 900 3552 traec
912 3513 970 3552 est:
986 3503 1186 3555 Obsereostium.
1220 3504 1249 3553 In
1260 3517 1304 3551 oru-

184 3610 187 3615 .
208 3565 285 3616 uibus
298 3581 358 3616 vero
376 3574 504 3632 quotquot
523 3576 592 3628 erint,
605 3571 720 3631 itemque
735 3571 848 3628 Donato,
865 3571 920 3624 dum
931 3583 974 3628 ego
986 3569 1049 3618 hinc.
1066 3570 1115 3617 Fa.
1149 3570 1242 3619 Nostri
1252 3581 1305 3632 quo·

208 3645 260 3696 que
271 3633 327 3680 dum
338 3646 380 3693 ego
396 3633 459 3681 trine.
472 3633 564 3683 Recte.
583 3634 656 3682 Brut.
688 3633 750 3695 Aoi]
768 3634 798 3683 Iu
811 3633 866 3682 GC.
880 3633 973 3694 script.
988 3633 1032 3692 iti,
1043 3633 1137 3682 vitiose
1151 3633 1304 3695 videturque

207 3697 257 3746 uiri.
280 3698 351 3747 Peri.
378 3699 432 3746 Ost.
453 3697 533 3746 obsera
550 3699 610 3760 Bip.
644 3699 709 3747 Dum
738 3715 780 3760 ego
807 3698 862 3747 iiiuc
881 3698 912 3746 Z.
930 3698 991 3759 Bip.
1012 3697 1093 3746 Both.
1118 3699 1196 3748 Peri.
1228 3698 1304 3748 Aditur

208 3760 369 3824 Delon—26
386 3762 444 3824 lua,
460 3763 517 3812 Veto
528 3778 571 3825 ego
583 3764 664 3812 edesse
675 3764 714 3812 ue
723 3763 921 3811 aduocatosuobis
932 3763 957 3810 iu
967 3760 1036 3809 turbo
1046 3763 1101 3820 huc,
1116 3762 1212 3811 absunt
1223 3777 1238 3810 a
1250 3763 1304 3810 Mes.

210 3825 282 3889 Lips.
300 3832 328 3874 et
347 3827 404 3875 Pet.
421 3837 448 3877 et
459 3828 515 3878 ΕΡ.
550 3828 581 3877 in
590 3828 647 3875 attis
659 3835 708 3888 eet,
718 3830 842 3878 adsecutos
853 3827 877 3875 iu
889 3826 968 3876 turbu.
982 3827 1036 3875 ΤΗ.
1047 3828 1133 3889 Mure,
1153 3843 1232 3878 mene.
1242 3829 1305 3876 Wes-

209 3891 347 3940 terhorius.
382 3891 515 3941 Adsecutus
525 3892 600 3942 uodo.
615 3893 667 3940 ΤΗ.
685 3894 851 3953 Moue,murre.
870 3890 946 3940 Lind.
967 3890 1111 3941 Hicodesse
1122 3894 1170 3940 Br.
1183 3893 1304 3956 quigerui-

209 3963 255 4004 nat
265 3954 450 4006 riMuue.-2t
468 3958 544 4006 Mitte
554 3957 697 4006 Boin-28
716 3956 769 4005 Hoc
779 3957 818 4005 dic
827 3956 905 4018 modo]
913 3955 948 4006 0.
958 3956 976 4004 1.
988 3971 1007 4004 s.
1020 3963 1047 4004 et
1059 3956 1113 4007 Do.
1124 3957 1182 4006 Hoc
1192 3961 1257 4006 modo
1265 3957 1305 4003 dic.

209 4017 257 4068 Fu.
290 4020 382 4069 Nostri
393 4036 496 4086 quoque
506 4023 561 4072 Hoc
571 4023 638 4070 modo
648 4021 707 4070 dir:
722 4027 749 4070 et
759 4029 897 4084 preterea,
908 4035 1010 4069 sororem
1022 4034 1071 4070 esse
1083 4023 1153 4070 ilium
1162 4029 1237 4078 tuem.
1247 4033 1307 4081 meg·

210 4095 245 4129 no
266 4097 400 4136 consensu.
419 4086 510 4137 Recte.
543 4087 618 4137 Beut.
649 4085 786 4135 suerrum
804 4089 869 4135 tuum
889 4087 936 4135 Br.
956 4085 1036 4135 Both.
1056 4084 1130 4136 Peri.
1167 4088 1205 4136 Et
1220 4085 1308 4136 omittit

210 4145 355 4198 Boin—29
372 4148 496 4203 Arrisirre.
515 4152 586 4202 Nuus
596 4149 803 4216 cognoscemus,
814 4150 1031 4210 rdeudeBre-,dtt
1045 4149 1109 4210 ‚Vim
1126 4151 1151 4201 ri
1171 4152 1306 4204 Boin-tl
