2678 4702
105 282 173 348 242
438 289 633 344 suasanus
657 290 872 344 nnsnnnrus

105 439 246 499 iambicos
260 445 454 510 tetrametros,
474 435 521 496 vel
545 432 712 495 trochaicos
735 435 937 505 catalecticos,
964 437 1006 496 ab
1025 437 1148 501 iamboi

106 535 191 613 piunt
200 556 208 603 ;
231 544 264 593 ut
278 534 330 593 illa
344 533 445 593 Accii:

269 647 314 705 An
328 644 403 706 haic
412 646 476 726 jam
490 646 573 705 obliti
588 647 659 705 sunt
672 643 823 723 Phryges?

108 789 139 836 et
150 775 208 837 illae
223 774 343 835 Nostri:

170 901 313 954 Praescisse
324 915 365 952 ms
376 904 455 954 ante?
469 903 554 954 nonne
566 903 637 966 prius
647 903 863 954 communlcstnm
873 903 1012 967 oportuit?

237 983 359 1034 Miseram
371 997 423 1048 me,
439 984 507 1049 qnod
520 984 627 1034 verbum
639 980 736 1035 sudio?

168 1064 265 1117 Munus
276 1069 393 1115 nostrum
402 1064 494 1115 ornato
506 1064 603 1127 verbis,
617 1063 685 1130 quod
697 1063 812 1129 poterin
829 1070 855 1116 ct
867 1063 943 1114 istum
957 1063 1087 1114 aemulum

234 1145 310 1198 Quod
322 1145 419 1211 poteris
431 1145 465 1196 ab
476 1158 508 1196 aa
520 1143 620 1210 pellito.

106 1273 153 1333 lta
166 1291 281 1351 semper
294 1273 324 1331 in
339 1272 463 1334 ceteris:
479 1283 510 1333 et
522 1272 596 1333 ratio
606 1282 662 1346 est,
673 1271 755 1351 quod
769 1272 882 1333 διποὸία
894 1276 1030 1354 τροχαῖκὴ
1043 1273 1124 1352 quasi
1134 1252 1183 1473 ἢ

107 1388 192 1430 versu
207 1369 411 1430 continuetur:

233 1496 456 1548 Communicamus
466 1494 596 1561 oportuit:
613 1493 733 1573 miseram
744 1495 866 1560 mequod
878 1495 1090 1546 verbumaddio?
1181 1554 1183 1561 Ι

105 1624 193 1686 Unde
206 1626 237 1685 in
251 1625 401 1686 trochaico
415 1622 514 1706 pleno,
536 1644 596 1703 quo
615 1623 728 1684 ὁιποδία
741 1633 946 1686 consummata
959 1633 1017 1698 est,
1040 1643 1059 1683 a
1072 1596 1183 1715 trocheo}

104 1719 225 1799 incipitt
1181 1724 1183 1733 '

167 1845 249 1896 Proin
261 1851 289 1896 ta
300 1846 490 1900 solicitudinem
502 1847 577 1897 lstsrn
589 1845 691 1912 salsam,
706 1863 764 1913 quae
777 1853 805 1898 te
815 1847 959 1912 excruciat,
973 1847 1074 1899 mittas.
1174 1872 1177 1877 -

231 1927 467 2003 Quicuqloquitur
478 1926 565 1980 lilius?
575 1938 579 1946 ·

166 2005 212 2059 ‘st
222 2007 285 2059 illud
297 2023 341 2059 rus
348 2009 419 2059 nulla
429 2009 481 2059 alla
491 2023 570 2060 cansa
581 2009 635 2060 tam
644 2011 710 2060 male
721 2008 774 2074 odi,
790 2008 839 2059 nisi
850 2009 910 2074 quia
919 2023 1003 2072 prope
1014 2014 1072 2059 est:

232 2088 309 2143 Quod
321 2090 343 2141 sl
354 2089 459 2140 abesset
466 2088 575 2154 longius.

103 2208 191 2266 Hanc
215 2208 271 2266 sibi
293 2208 390 2286 legem
412 2209 547 2280 metunt,
568 2208 770 2269 sancientibus
793 2229 863 2270 aure
889 2228 925 2269 ac
946 2209 1095 2288 rhythmo,
1113 2204 1177 2287 primi

102 2302 173 2362 artis
196 2301 460 2362 inventorestscd
484 2304 515 2362 in
536 2303 593 2364 hae
616 2313 717 2367 tamen
742 2313 810 2366 ante
834 2324 890 2364 nos
903 2304 1049 2365 editiones
1065 2309 1177 2384 peccant

102 2395 181 2455 Illud
202 2415 289 2477 porro
311 2398 496 2466 notandum
517 2402 547 2460 in
568 2400 743 2462 tetrametris
758 2402 832 2463 solis
846 2400 926 2479 apud
946 2400 1101 2474 Nostrum,
1121 2416 1179 2459 nuni

103 2512 190 2572 quam
204 2493 236 2553 in
250 2493 397 2565 trimetris,
417 2493 558 2557 clausulis
581 2497 681 2556 locum
702 2516 778 2557 esse.
820 2497 925 2574 Neque
949 2494 980 2554 id
995 2492 1178 2558 omittendum,

100 2589 156 2647 has
171 2599 201 2649 et
213 2589 341 2668 reliquas
356 2609 459 2650 omnes
473 2590 553 2669 apud
577 2592 720 2651 Nostrum
744 2591 894 2653 clausulas
918 2591 950 2651 in
971 2593 1082 2653 cretico
1101 2587 1178 2651 terni·

102 2684 184 2744 nari:
206 2683 305 2757 audio,
326 2685 439 2763 pellito,
457 2686 546 2760 filius,
561 2688 696 2767 longius;
719 2709 779 2750 una
794 2699 909 2750 tantum
923 2698 1060 2768 excepta,
1074 2687 1142 2746 Hec,
1155 2701 1178 2740 v·

104 2783 130 2839 l.
145 2801 213 2860 quae
227 2781 258 2839 in
272 2781 447 2859 spondaeum
461 2784 541 2844 exit:

165 2923 222 2977 Ant
231 2925 263 2975 nc
274 2927 335 2989 qnid
348 2926 441 2978 faciam
454 2928 522 2990 plus,
538 2926 607 2993 quod
617 2932 677 2991 post
687 2941 728 2977 me
740 2927 823 2978 minua
834 2925 929 2977 fecisse
940 2924 1024 2976 satius
1035 2925 1078 2975 rit.

229 3007 383 3072 Aggredior.
415 3007 535 3071 Bacchis,
551 3007 633 3057 salve.

102 3137 138 3194 Id
150 3145 250 3198 tamen
259 3137 385 3217 judicio,
400 3157 460 3198 non
475 3137 835 3212 casu,aPoe'taiactu1n:
851 3136 960 3215 quippe
975 3144 1044 3214 post
1057 3133 1130 3192 hanc
1142 3146 1178 3190 so·

101 3231 160 3290 lam
174 3251 210 3291 ex
224 3233 360 3292 omnibus
372 3233 535 3293 clausulam
548 3235 749 3294 atetrametris
760 3232 854 3312 plenis
863 3233 895 3291 in
905 3231 1096 3291 catalecticos
1107 3241 1180 3297 scant

100 3327 215 3400 transit,
236 3329 286 3405 qui
301 3326 443 3405 spondaeo
456 3327 614 3387 finiuntur:
927 3348 929 3352 ·

230 3450 315 3514 Salve,
331 3452 427 3505 Lache.
459 3453 563 3518 ¹Edepol
573 3451 653 3505 caldo
665 3462 692 3506 te
703 3469 755 3506 non
765 3453 802 3504 ntl
812 3453 911 3517 mirari,
922 3453 1044 3504 Bacchis·

190 3642 380 3708 LICENTIA
408 3648 684 3722 TERENTIANA,
713 3651 797 3719 QUA
826 3647 1054 3709 DEFLECTIT
1082 3644 1108 3702 Α
1171 3678 1174 3687 ·

460 3760 620 3823 GRAECIS
650 3761 834 3823 COMlCIS.

142 3872 189 3931 De
209 3871 330 3944 licentia
350 3884 483 3936 veterum
506 3876 718 3962 Romanorum,
744 3873 923 3953 tragicorum
947 3869 1181 3941 contentumque.

101 3968 189 4043 paulo
210 3969 416 4034 inclementius
439 3971 569 4050 loquitur
591 3971 743 4042 Horatius,
767 3971 838 4029 Arte
852 3969 937 4028 Poet.
952 3969 1022 4025 255.
1039 3961 1183 4061 iambicus,¹

100 4061 205 4140 inquit,
219 4084 331 4141 uersus,
