2678 4702
1200 86 1244 347 l

119 304 185 370 244
451 312 646 364 arosaous
671 308 885 362 anastatus

120 468 243 522 excusat
258 458 391 530 Maurus,
414 455 472 517 hoc
494 465 560 516 est:
580 453 662 534 qood
684 455 714 514 io
739 453 860 515 sedibus
884 453 1021 533 paribus,
1037 455 1172 517 secunda

120 567 225 637 quarta
238 559 354 633 (nempe
368 562 491 632 uterque
503 571 555 630 per
577 549 726 629 dipodiam
750 551 904 610 iambicam
930 549 1106 612 dimetitur:
1127 553 1156 612 iu
1230 590 1236 603 ·

119 654 198 712 tione
212 662 314 709 nostra
336 658 422 708 crunt
444 646 539 726 prima
563 655 594 704 et
616 645 713 717 tertia,
738 644 831 724 pedes
852 645 968 706 scilicet
990 644 1158 708 ditrochaeo

118 748 242 828 priores)
256 763 315 803 nou
330 743 475 804 volubiles
496 741 587 821 pedes
610 741 739 802 iambum
761 752 813 802 aut
834 742 1020 821 tribrachyn,
1041 762 1081 803 ex
1094 730 1201 824 rhyth¹

118 842 184 920 lege
211 860 246 900 ac
275 839 449 899 Graecorum
475 837 630 916 exemplos
661 835 713 897 sed
741 835 842 897 tardos
870 837 1034 916 spondaeos
1064 839 1128 899 sive
1146 839 1182 898 ali

118 938 162 996 eis
184 939 346 1017 Ισοχρόνουε
365 933 526 995 intulerint.
567 934 674 993 Totum
694 932 764 1005 hoc,
785 951 846 993 uno
867 932 1017 1012 exemplo,
1041 944 1074 994 et
1090 951 1174 994 sensu

118 1034 259 1092 memoria
272 1031 359 1091 facile
373 1031 496 1091 tenebis.
538 1030 637 1090 Graeci
651 1029 690 1089 ad
705 1029 782 1090 hano
795 1031 919 1090 sormam
933 1029 962 1088 iu
974 1031 1132 1090 iambicis:

278 1128 314 1187 Vi
329 1125 513 1188 cdmmodari
532 1126 537 1208 Ι
554 1126 752 1198 commodavi,
766 1125 932 1187 cbmmoda.

118 1223 213 1282 Latini
228 1222 266 1282 ad
282 1222 378 1294 istam,
392 1241 452 1281 non
468 1241 593 1302 semper,
608 1222 661 1282 sed
674 1222 919 1301 quotiescumque
929 1221 1065 1284 vellent:

279 1318 316 1377 Vi
329 1317 532 1378 cdmrneodavi
551 1317 556 1397 Ι
573 1315 776 1377 cbmmendavi
793 1315 799 1397 Ι
816 1315 982 1380 cbmmoda.

118 1414 221 1488 Vides,
234 1415 353 1488 menda,
367 1415 542 1496 spondaeum
556 1414 601 1473 bis
614 1413 743 1494 positum
758 1432 810 1492 pro
831 1413 940 1486 iambo,
965 1416 1058 1476 moda
1070 1438 1079 1478 ε
1104 1431 1206 1498 postre-

117 1531 196 1570 mam
210 1511 310 1572 sedem
325 1512 433 1572 violare
456 1529 608 1592 nonquam
634 1520 704 1570 suut
725 1510 800 1570 ausi.
842 1510 925 1570 idem
949 1520 981 1570 et
1007 1513 1039 1572 in
1060 1514 1207 1574 trochaicis

118 1608 250 1667 obtinet:

182 1717 287 1767 Graci:
320 1718 487 1768 commodavi
517 1717 698 1782 lcommodasi
727 1717 906 1782 {commodavi
940 1717 1107 1784 {commoda

183 1797 285 1847 Latini:
319 1797 502 1847 commendari
516 1797 522 1862 Ι
536 1799 714 1849 commendavi
728 1798 734 1865 Ι
747 1798 923 1849 commendari
937 1798 943 1866 Ι
957 1802 1104 1853 commoda.

119 1908 154 1968 ln
168 1908 214 1968 his
229 1909 366 1990 pedibus,
379 1923 504 1992 excepto
528 1911 643 1984 ultimo,
665 1932 718 1991 pro
739 1912 875 1972 brevibus
900 1911 1001 1990 longae
1027 1914 1150 1994 syllabae
1168 1936 1205 1974 as·

119 2016 295 2073 sumuntur:
317 2006 398 2085 qnod
421 2019 531 2079 tamen,
554 2007 668 2087 opinor,
689 2007 776 2067 celeri
801 2009 1042 2086 pronuntiatione
1052 2011 1171 2089 juvabat
1180 2023 1203 2073 et

119 2101 289 2162 occultabat
303 2116 394 2175 actor,
415 2124 453 2164 ne
475 2105 538 2185 ipae
563 2123 581 2163 a
604 2104 723 2164 tibicine
745 2104 913 2185 rhythmum
929 2104 1070 2166 Groecum
1087 2119 1204 2168 servante

119 2196 310 2274 discreparet.

161 2292 250 2360 Quod
265 2292 303 2350 ad
317 2291 427 2352 crimen
450 2304 548 2353 autern
570 2294 627 2353 hoc
649 2295 774 2363 attinet:
795 2295 915 2375 tragicis
935 2297 1057 2377 quidem
1073 2301 1203 2359 veteribus

119 2389 213 2448 minor
226 2399 272 2448 est
285 2390 447 2461 excusatio,
461 2410 514 2450 cur
537 2410 597 2450 non
622 2390 661 2449 ad
686 2390 757 2450 artis
778 2390 896 2469 regulas
907 2412 1012 2452 versus
1028 2414 1100 2455 suos
1114 2413 1203 2473 eroge*

119 2485 196 2552 rint;
221 2505 299 2556 cum,
320 2496 383 2545 toto
404 2485 481 2564 stylo
496 2495 526 2544 et
539 2485 637 2546 colore
651 2504 670 2544 a
683 2486 829 2545 communi
845 2505 979 2546 sermone
995 2488 1129 2562 discreti,
1143 2509 1203 2550 nora

119 2582 208 2640 verba
232 2600 267 2640 ac
292 2579 509 2659 sesquipedalia
532 2601 586 2660 pro
608 2582 701 2641 lubito
723 2581 869 2643 finxerint.
912 2583 1084 2662 Fugiehant
1107 2586 1203 2647 scilicet

118 2675 197 2734 limae
212 2674 359 2743 laborem;
381 2677 453 2735 certi
474 2695 506 2736 se
530 2676 561 2733 in
585 2697 615 2736 re
638 2685 706 2735 ante
732 2676 884 2756 inexperta
903 2688 934 2737 et
955 2679 1037 2757 apud
1052 2701 1137 2740 aures
1155 2695 1202 2739 tum

119 2769 256 2831 indoctas
271 2771 385 2830 veniam
400 2772 615 2851 impetraturos.
658 2770 766 2832 Melius
781 2792 850 2832 vero
870 2789 905 2833 ac
929 2774 1031 2834 mitius
1046 2775 1084 2836 de
1099 2777 1201 2836 comicis

119 2875 167 2926 est
180 2867 377 2927 sentiendum.
419 2867 556 2929 Profecto
568 2868 723 2928 Terentius
737 2881 849 2942 noster,
870 2869 894 2928 si
916 2870 1075 2949 quisquam
1089 2873 1201 2943 allusio

120 2965 190 3022 artis
205 2964 286 3043 leges
301 2977 362 3024 arte
387 2965 541 3043 peccavit:
563 2965 674 3036 studio,
698 2985 758 3024 non
778 2967 963 3045 ignorantur
978 2971 1156 3030 necessitate
1168 2966 1203 3027 vel

120 3061 224 3120 saltem
239 3061 446 3122 commoditate
470 3061 627 3130 inductus;
649 3072 689 3133 et,
713 3063 928 3141 qualecumque
951 3062 1027 3123 illud
1043 3066 1142 3126 delicti
1160 3075 1203 3134 est,

118 3158 234 3234 magnis
247 3158 402 3218 virtutibus
416 3157 619 3219 redemturus:
654 3159 756 3218 Sermo
777 3160 854 3219 enirn
874 3178 911 3219 ea
934 3158 971 3219 de
991 3179 1087 3221 causa
1101 3163 1202 3242 propius

119 3251 199 3328 apud
224 3252 366 3312 Nostrum
389 3254 427 3312 ad
450 3255 695 3315 consuetudinem
720 3255 846 3325 accedit,
873 3273 961 3334 quam
986 3257 1068 3334 apud
1094 3258 1204 3319 Menar-

120 3344 222 3404 drum:
245 3348 337 3406 oratio
352 3347 431 3424 apud
444 3369 536 3407 unum
551 3349 588 3408 da
608 3351 704 3411 medio
720 3361 817 3411 sumta
831 3351 928 3430 deque
942 3353 1002 3410 vita
1015 3352 1204 3415 honestiorum

119 3438 245 3507 civium:
266 3460 368 3502 versus
382 3442 499 3503 minime
518 3446 593 3518 cavi,
616 3447 668 3506 sed
684 3449 780 3507 verbis
795 3447 991 3525 sensibusque
1006 3449 1117 3527 spissi:
1139 3447 1205 3530 apud

119 3533 253 3607 alterum,
269 3535 338 3595 dum
354 3545 446 3598 metro
462 3541 569 3601 servire
594 3554 716 3602 coactus
741 3552 798 3614 est,
824 3542 918 3623 stylus
945 3541 1036 3621 paulo
1059 3545 1205 3617 elatior‚et
1229 3590 1233 3621 ³

120 3632 274 3692 sententiaa
299 3633 461 3696 dilutiores.
502 3636 589 3697 Adde
613 3638 683 3710 huc,
708 3648 908 3700 consonantes
934 3639 963 3697 in
987 3637 1093 3719 lingua
1115 3642 1205 3700 Latina

118 3746 171 3805 pro
194 3728 336 3787 vocalium
358 3750 479 3791 numero
501 3732 714 3810 frequentiores
737 3753 813 3807 esse,
835 3741 924 3812 quam
946 3733 976 3792 iu
999 3735 1120 3798 Attica:
1141 3735 1205 3796 adde

119 3826 217 3882 omnia
241 3825 320 3903 apud
343 3826 463 3888 Latinos
487 3831 643 3900 vocabula,
668 3831 880 3910 monosyllabis
907 3829 1056 3890 duntaxat
1076 3833 1206 3911 exceptis,

119 3936 185 3975 esse
200 3921 360 4000 barytoua;
384 3921 420 3981 de
442 3943 501 4001 qua
520 3943 551 3981 re
566 3944 634 3981 mox
648 3925 734 4003 plura
749 3927 863 3992 dicam3
887 3936 917 3986 et
930 3926 1016 3985 facile
1032 3929 1206 4006 pronunties,

119 4010 236 4070 minoris
251 4034 316 4074 esse
331 4034 428 4094 operae
443 4026 531 4094 atque
545 4017 625 4090 artis,
641 4020 679 4079 ad
695 4021 851 4080 Menandri
872 4040 1006 4081 normam
1024 4023 1130 4084 Graece
1145 4023 1206 4082 scri·
1224 4028 1228 4057 ²

120 4104 198 4174 berc,
213 4127 301 4184 quam
317 4112 418 4172 Latine
433 4111 472 4171 ad
484 4112 622 4173 Terentii.
