<?xml version="1.0" encoding="UTF-8"?>
<!DOCTYPE html PUBLIC "-//W3C//DTD XHTML 1.0 Transitional//EN"
    "http://www.w3.org/TR/xhtml1/DTD/xhtml1-transitional.dtd">
<html xmlns="http://www.w3.org/1999/xhtml" xml:lang="en" lang="en">
 <head>
  <title>
</title>
<meta http-equiv="Content-Type" content="text/html;charset=utf-8" />
  <meta name='ocr-system' content='tesseract 3.04.00' />
  <meta name='ocr-capabilities' content='ocr_page ocr_carea ocr_par ocr_line ocrx_word'/>
</head>
<body>
  <div class='ocr_page' id='page_1' title='image "./comoedisex03westgoog_0482.png"; bbox 0 0 2678 4702; ppageno 0'>
   <div class='ocr_carea' id='block_1_1' title="bbox 373 330 876 384">
    <p class='ocr_par' dir='ltr' id='par_1_1' title="bbox 373 330 876 384">
     <span class='ocr_line' id='line_1_1' title="bbox 373 330 876 384; baseline 0.016 -8"><span class='ocrx_word' id='word_1_1' title='bbox 373 330 544 378; x_wconf 80' lang='lat' dir='ltr'><strong>EUNUGHI</strong></span> <span class='ocrx_word' id='word_1_2' title='bbox 566 332 653 381; x_wconf 60' lang='lat' dir='ltr'><strong>&#39;Actu</strong></span> <span class='ocrx_word' id='word_1_3' title='bbox 671 333 737 382; x_wconf 65' lang='lat'><strong>111.</strong></span> <span class='ocrx_word' id='word_1_4' title='bbox 754 331 807 382; x_wconf 82' lang='lat' dir='ltr'><strong>so.</strong></span> <span class='ocrx_word' id='word_1_5' title='bbox 826 337 876 384; x_wconf 88' lang='lat' dir='ltr'><strong>lV.</strong></span> 
     </span>
    </p>
   </div>
   <div class='ocr_carea' id='block_1_2' title="bbox 69 470 1173 857">
    <p class='ocr_par' dir='ltr' id='par_1_2' title="bbox 69 470 1173 857">
     <span class='ocr_line' id='line_1_2' title="bbox 73 470 1173 546; baseline 0.009 -11"><span class='ocrx_word' id='word_1_6' title='bbox 73 470 141 536; x_wconf 82' lang='lat' dir='ltr'><strong>Cn.</strong></span> <span class='ocrx_word' id='word_1_7' title='bbox 166 472 296 537; x_wconf 84' lang='lat' dir='ltr'><strong>Malam</strong></span> <span class='ocrx_word' id='word_1_8' title='bbox 312 474 402 538; x_wconf 87' lang='lat' dir='ltr'><strong>rem&#39;!</strong></span> <span class='ocrx_word' id='word_1_9' title='bbox 423 473 499 538; x_wconf 87' lang='lat' dir='ltr'><strong>hinc</strong></span> <span class='ocrx_word' id='word_1_10' title='bbox 515 474 616 540; x_wconf 84' lang='lat' dir='ltr'><strong>abisl</strong></span> <span class='ocrx_word' id='word_1_11' title='bbox 657 475 731 539; x_wconf 78' lang='lat' dir='ltr'><strong>Pr.</strong></span> <span class='ocrx_word' id='word_1_12' title='bbox 754 477 792 541; x_wconf 87' lang='lat' dir='ltr'><strong>Si</strong></span> <span class='ocrx_word' id='word_1_13' title='bbox 807 477 897 542; x_wconf 85' lang='lat' dir='ltr'><strong>istuc</strong></span> <span class='ocrx_word' id='word_1_14' title='bbox 914 478 964 542; x_wconf 90' lang='lat' dir='ltr'><strong>ita</strong></span> <span class='ocrx_word' id='word_1_15' title='bbox 977 488 1104 546; x_wconf 86' lang='lat' dir='ltr'><strong>certum</strong></span> <span class='ocrx_word' id='word_1_16' title='bbox 1118 483 1173 545; x_wconf 85' lang='lat' dir='ltr'><strong>est</strong></span> 
     </span>
     <span class='ocr_line' id='line_1_3' title="bbox 70 577 1172 754; baseline 0.006 -16"><span class='ocrx_word' id='word_1_17' title='bbox 70 577 362 752; x_wconf 44' lang='lat' dir='ltr'><strong>Amaooflffi&#39;iuuc</strong></span> <span class='ocrx_word' id='word_1_18' title='bbox 378 682 542 754; x_wconf 73' lang='lat' dir='ltr'><strong>transeas,</strong></span> <span class='ocrx_word' id='word_1_19' title='bbox 557 677 615 742; x_wconf 85' lang='lat' dir='ltr'><strong>ubi</strong></span> <span class='ocrx_word' id='word_1_20' title='bbox 630 677 765 743; x_wconf 77' lang='lat' dir='ltr'><strong>illaest.</strong></span> <span class='ocrx_word' id='word_1_21' title='bbox 810 677 879 742; x_wconf 72' lang='lat' dir='ltr'><strong>(lta.</strong></span> <span class='ocrx_word' id='word_1_22' title='bbox 901 681 961 744; x_wconf 89' lang='grc' dir='ltr'><strong>Εο.</strong></span> <span class='ocrx_word' id='word_1_23' title='bbox 1015 626 1018 630; x_wconf 21' lang='grc'><strong>”</strong></span> <span class='ocrx_word' id='word_1_24' title='bbox 1128 579 1172 646; x_wconf 65' lang='lat'><strong>3⁰</strong></span> 
     </span>
     <span class='ocr_line' id='line_1_4' title="bbox 69 775 965 857; baseline 0.008 -17"><span class='ocrx_word' id='word_1_25' title='bbox 69 775 143 840; x_wconf 78' lang='lat' dir='ltr'><strong>Pu.</strong></span> <span class='ocrx_word' id='word_1_26' title='bbox 165 775 245 855; x_wconf 90' lang='lat' dir='ltr'><strong>Abi,</strong></span> <span class='ocrx_word' id='word_1_27' title='bbox 260 778 399 857; x_wconf 88' lang='lat' dir='ltr'><strong>Dorias,</strong></span> <span class='ocrx_word' id='word_1_28' title='bbox 413 780 481 844; x_wconf 86' lang='lat' dir='ltr'><strong>cito</strong></span> <span class='ocrx_word' id='word_1_29' title='bbox 495 779 584 844; x_wconf 84' lang='lat' dir='ltr'><strong>huno</strong></span> <span class='ocrx_word' id='word_1_30' title='bbox 600 779 732 847; x_wconf 81' lang='lat' dir='ltr'><strong>deduce</strong></span> <span class='ocrx_word' id='word_1_31' title='bbox 747 781 792 846; x_wconf 84' lang='lat' dir='ltr'><strong>ad</strong></span> <span class='ocrx_word' id='word_1_32' title='bbox 808 781 965 847; x_wconf 89' lang='lat' dir='ltr'><strong>Militem.</strong></span> 
     </span>
    </p>
   </div>
   <div class='ocr_carea' id='block_1_3' title="bbox 64 975 1172 1156">
    <p class='ocr_par' dir='ltr' id='par_1_3' title="bbox 64 975 1172 1156">
     <span class='ocr_line' id='line_1_5' title="bbox 67 975 1172 1043; baseline 0.012 -20"><span class='ocrx_word' id='word_1_33' title='bbox 67 979 123 1024; x_wconf 83' lang='lat' dir='ltr'><strong>tas?</strong></span> <span class='ocrx_word' id='word_1_34' title='bbox 155 975 269 1028; x_wconf 73' lang='lat' dir='ltr'><strong>Abibino</strong></span> <span class='ocrx_word' id='word_1_35' title='bbox 284 979 474 1030; x_wconf 64' lang='lat' dir='ltr'><strong>inuehentem.</strong></span> <span class='ocrx_word' id='word_1_36' title='bbox 507 981 561 1031; x_wconf 74' lang='lat' dir='ltr'><strong>Pr.</strong></span> <span class='ocrx_word' id='word_1_37' title='bbox 578 980 653 1031; x_wconf 72' lang='lat' dir='ltr'><strong>Silta</strong></span> <span class='ocrx_word' id='word_1_38' title='bbox 669 987 719 1031; x_wconf 76' lang='lat' dir='ltr'><strong>stat</strong></span> <span class='ocrx_word' id='word_1_39' title='bbox 735 983 862 1040; x_wconf 56' lang='lat' dir='ltr'><strong>autentu,</strong></span> <span class='ocrx_word' id='word_1_40' title='bbox 877 997 934 1043; x_wconf 74' lang='lat' dir='ltr'><strong>rogo</strong></span> <span class='ocrx_word' id='word_1_41' title='bbox 949 988 976 1031; x_wconf 76' lang='lat' dir='ltr'><strong>st</strong></span> <span class='ocrx_word' id='word_1_42' title='bbox 992 983 1052 1032; x_wconf 70' lang='lat' dir='ltr'><strong>iaec</strong></span> <span class='ocrx_word' id='word_1_43' title='bbox 1066 989 1172 1036; x_wconf 66' lang='lat' dir='ltr'><strong>um</strong></span> 
     </span>
     <span class='ocr_line' id='line_1_6' title="bbox 64 1039 1171 1156; baseline 0.007 -64"><span class='ocrx_word' id='word_1_44' title='bbox 64 1039 216 1156; x_wconf 54' lang='lat' dir='ltr'><strong>moesi.</strong></span> <span class='ocrx_word' id='word_1_45' title='bbox 245 1045 303 1094; x_wconf 68' lang='lat' dir='ltr'><strong>cn.</strong></span> <span class='ocrx_word' id='word_1_46' title='bbox 321 1044 387 1094; x_wconf 76' lang='lat' dir='ltr'><strong>Fut.</strong></span> <span class='ocrx_word' id='word_1_47' title='bbox 420 1048 465 1095; x_wconf 83' lang='lat' dir='ltr'><strong>Eo.</strong></span> <span class='ocrx_word' id='word_1_48' title='bbox 499 1046 551 1095; x_wconf 77' lang='lat' dir='ltr'><strong>Pr.</strong></span> <span class='ocrx_word' id='word_1_49' title='bbox 568 1045 626 1109; x_wconf 73' lang='lat' dir='ltr'><strong>Aoi,</strong></span> <span class='ocrx_word' id='word_1_50' title='bbox 636 1046 735 1108; x_wconf 72' lang='lat' dir='ltr'><strong>Dorias,</strong></span> <span class='ocrx_word' id='word_1_51' title='bbox 746 1047 792 1096; x_wconf 84' lang='lat' dir='ltr'><strong>cito</strong></span> <span class='ocrx_word' id='word_1_52' title='bbox 800 1063 811 1106; x_wconf 76' lang='lat'><strong>,-</strong></span> <span class='ocrx_word' id='word_1_53' title='bbox 825 1047 885 1096; x_wconf 85' lang='lat' dir='ltr'><strong>bunc</strong></span> <span class='ocrx_word' id='word_1_54' title='bbox 900 1049 931 1096; x_wconf 86' lang='lat' dir='ltr'><strong>od</strong></span> <span class='ocrx_word' id='word_1_55' title='bbox 942 1047 1068 1096; x_wconf 79' lang='lat' dir='ltr'><strong>Tbrusnnis</strong></span> <span class='ocrx_word' id='word_1_56' title='bbox 1078 1049 1171 1100; x_wconf 70' lang='lat' dir='ltr'><strong>donum</strong></span> 
     </span>
    </p>
   </div>
   <div class='ocr_carea' id='block_1_4' title="bbox 527 1186 708 1208">
    <p class='ocr_par' dir='ltr' id='par_1_4' title="bbox 527 1186 708 1208">
     <span class='ocr_line' id='line_1_7' title="bbox 527 1186 708 1208; baseline 0 -1"><span class='ocrx_word' id='word_1_57' title='bbox 527 1187 558 1207; x_wconf 73' lang='lat' dir='ltr'><em>u</em></span> <span class='ocrx_word' id='word_1_58' title='bbox 561 1186 708 1208; x_wconf 66' lang='lat' dir='ltr'><strong>&#39;ceneten</strong></span> 
     </span>
    </p>
   </div>
   <div class='ocr_carea' id='block_1_5' title="bbox 63 1280 1170 1802">
    <p class='ocr_par' dir='ltr' id='par_1_5' title="bbox 63 1280 1170 1802">
     <span class='ocr_line' id='line_1_8' title="bbox 67 1280 1169 1352; baseline 0.011 -24"><span class='ocrx_word' id='word_1_59' title='bbox 67 1295 83 1327; x_wconf 88' lang='lat' dir='ltr'><strong>a</strong></span> <span class='ocrx_word' id='word_1_60' title='bbox 96 1280 185 1330; x_wconf 82' lang='lat' dir='ltr'><strong>Guelt&#39;.</strong></span> <span class='ocrx_word' id='word_1_61' title='bbox 196 1286 220 1333; x_wconf 73' lang='grc'><strong>1.</strong></span> <span class='ocrx_word' id='word_1_62' title='bbox 256 1284 355 1333; x_wconf 83' lang='lat' dir='ltr'><strong>Cbreme</strong></span> <span class='ocrx_word' id='word_1_63' title='bbox 370 1284 513 1335; x_wconf 73' lang='lat' dir='ltr'><strong>notu-uo</strong></span> <span class='ocrx_word' id='word_1_64' title='bbox 530 1287 603 1336; x_wconf 88' lang='lat' dir='ltr'><strong>Bem.</strong></span> <span class='ocrx_word' id='word_1_65' title='bbox 614 1295 642 1338; x_wconf 86' lang='lat' dir='ltr'><strong>et</strong></span> <span class='ocrx_word' id='word_1_66' title='bbox 653 1302 739 1337; x_wconf 85' lang='lat' dir='ltr'><strong>omnes</strong></span> <span class='ocrx_word' id='word_1_67' title='bbox 750 1287 806 1337; x_wconf 86' lang='lat' dir='ltr'><strong>fere</strong></span> <span class='ocrx_word' id='word_1_68' title='bbox 817 1288 877 1337; x_wconf 82' lang='lat' dir='ltr'><strong>libri</strong></span> <span class='ocrx_word' id='word_1_69' title='bbox 891 1297 1019 1352; x_wconf 83' lang='lat' dir='ltr'><strong>recentes,</strong></span> <span class='ocrx_word' id='word_1_70' title='bbox 1029 1290 1083 1340; x_wconf 81' lang='lat' dir='ltr'><strong>binc</strong></span> <span class='ocrx_word' id='word_1_71' title='bbox 1098 1291 1169 1341; x_wconf 83' lang='lat' dir='ltr'><strong>obis:</strong></span> 
     </span>
     <span class='ocr_line' id='line_1_9' title="bbox 66 1346 1170 1414; baseline 0.014 -22"><span class='ocrx_word' id='word_1_72' title='bbox 66 1346 106 1392; x_wconf 83' lang='lat' dir='ltr'><strong>ita</strong></span> <span class='ocrx_word' id='word_1_73' title='bbox 127 1353 156 1395; x_wconf 90' lang='lat' dir='ltr'><strong>et</strong></span> <span class='ocrx_word' id='word_1_74' title='bbox 175 1347 303 1411; x_wconf 75' lang='lat' dir='ltr'>Donatus,</span> <span class='ocrx_word' id='word_1_75' title='bbox 324 1350 373 1400; x_wconf 89' lang='lat' dir='ltr'><strong>nisi</strong></span> <span class='ocrx_word' id='word_1_76' title='bbox 390 1350 459 1414; x_wconf 90' lang='lat' dir='ltr'><strong>qnod</strong></span> <span class='ocrx_word' id='word_1_77' title='bbox 482 1351 628 1401; x_wconf 87' lang='lat' dir='ltr'><strong>nonhabet</strong></span> <span class='ocrx_word' id='word_1_78' title='bbox 648 1367 736 1402; x_wconf 83' lang='lat' dir='ltr'><strong>uoeem</strong></span> <span class='ocrx_word' id='word_1_79' title='bbox 751 1352 813 1401; x_wconf 80' lang='lat' dir='ltr'><strong>bine.</strong></span> <span class='ocrx_word' id='word_1_80' title='bbox 832 1353 876 1402; x_wconf 80' lang='lat' dir='ltr'><strong>Fa.</strong></span> <span class='ocrx_word' id='word_1_81' title='bbox 909 1354 1002 1402; x_wconf 79' lang='lat' dir='ltr'><strong>Malum</strong></span> <span class='ocrx_word' id='word_1_82' title='bbox 1018 1355 1103 1405; x_wconf 82' lang='lat' dir='ltr'><strong>inrenr</strong></span> <span class='ocrx_word' id='word_1_83' title='bbox 1114 1357 1170 1407; x_wconf 72' lang='lat' dir='ltr'><strong>nine</strong></span> 
     </span>
     <span class='ocr_line' id='line_1_10' title="bbox 64 1408 1170 1480; baseline 0.014 -25"><span class='ocrx_word' id='word_1_84' title='bbox 64 1408 146 1472; x_wconf 59' lang='lat' dir='ltr'><strong>obul]</strong></span> <span class='ocrx_word' id='word_1_85' title='bbox 157 1409 199 1460; x_wconf 85' lang='lat' dir='ltr'><strong>Ita</strong></span> <span class='ocrx_word' id='word_1_86' title='bbox 211 1411 287 1475; x_wconf 83' lang='lat' dir='ltr'><strong>vulgo</strong></span> <span class='ocrx_word' id='word_1_87' title='bbox 298 1411 394 1462; x_wconf 77' lang='lat' dir='ltr'><strong>editur.</strong></span> <span class='ocrx_word' id='word_1_88' title='bbox 413 1413 464 1463; x_wconf 85' lang='lat' dir='ltr'><strong>nn.</strong></span> <span class='ocrx_word' id='word_1_89' title='bbox 477 1415 547 1477; x_wconf 83' lang='lat' dir='ltr'><strong>Lips.</strong></span> <span class='ocrx_word' id='word_1_90' title='bbox 566 1422 593 1465; x_wconf 81' lang='lat' dir='ltr'><strong>et</strong></span> <span class='ocrx_word' id='word_1_91' title='bbox 602 1415 635 1465; x_wconf 79' lang='lat' dir='ltr'><strong>G.</strong></span> <span class='ocrx_word' id='word_1_92' title='bbox 649 1416 688 1480; x_wconf 83' lang='lat' dir='ltr'><strong>[et</strong></span> <span class='ocrx_word' id='word_1_93' title='bbox 696 1415 755 1478; x_wconf 77' lang='lat' dir='ltr'><strong>Bu]</strong></span> <span class='ocrx_word' id='word_1_94' title='bbox 766 1417 890 1465; x_wconf 79' lang='lat' dir='ltr'><strong>Molumin</strong></span> <span class='ocrx_word' id='word_1_95' title='bbox 898 1432 946 1466; x_wconf 81' lang='lat' dir='ltr'><strong>rem</strong></span> <span class='ocrx_word' id='word_1_96' title='bbox 957 1418 1071 1469; x_wconf 74' lang='lat' dir='ltr'><strong>uincitis.</strong></span> <span class='ocrx_word' id='word_1_97' title='bbox 1089 1420 1133 1469; x_wconf 87' lang='lat' dir='ltr'><strong>Ita</strong></span> <span class='ocrx_word' id='word_1_98' title='bbox 1140 1426 1170 1470; x_wconf 84' lang='lat' dir='ltr'><strong>et</strong></span> 
     </span>
     <span class='ocr_line' id='line_1_11' title="bbox 65 1472 1168 1546; baseline 0.013 -27"><span class='ocrx_word' id='word_1_99' title='bbox 65 1472 162 1523; x_wconf 87' lang='lat' dir='ltr'><strong>Leidd.</strong></span> <span class='ocrx_word' id='word_1_100' title='bbox 172 1481 292 1540; x_wconf 87' lang='lat' dir='ltr'><strong>quatuor.</strong></span> <span class='ocrx_word' id='word_1_101' title='bbox 326 1478 367 1525; x_wconf 90' lang='lat' dir='ltr'><strong>De</strong></span> <span class='ocrx_word' id='word_1_102' title='bbox 388 1478 486 1528; x_wconf 88' lang='lat' dir='ltr'><strong>Donati</strong></span> <span class='ocrx_word' id='word_1_103' title='bbox 501 1478 615 1528; x_wconf 85' lang='lat' dir='ltr'><strong>lectione</strong></span> <span class='ocrx_word' id='word_1_104' title='bbox 632 1495 683 1529; x_wconf 90' lang='lat' dir='ltr'><strong>non</strong></span> <span class='ocrx_word' id='word_1_105' title='bbox 701 1482 825 1529; x_wconf 82' lang='lat' dir='ltr'><strong>convenit</strong></span> <span class='ocrx_word' id='word_1_106' title='bbox 840 1480 1083 1546; x_wconf 80' lang='lat' dir='ltr'><strong>interGuy.etFa.</strong></span> <span class='ocrx_word' id='word_1_107' title='bbox 1118 1483 1168 1534; x_wconf 85' lang='lat' dir='ltr'><strong>Ille</strong></span> 
     </span>
     <span class='ocr_line' id='line_1_12' title="bbox 65 1538 1168 1597; baseline 0.013 -13"><span class='ocrx_word' id='word_1_108' title='bbox 65 1538 182 1588; x_wconf 82' lang='lat' dir='ltr'><strong>seribere</strong></span> <span class='ocrx_word' id='word_1_109' title='bbox 190 1555 217 1588; x_wconf 89' lang='lat' dir='ltr'><strong>se</strong></span> <span class='ocrx_word' id='word_1_110' title='bbox 228 1542 265 1590; x_wconf 85' lang='lat' dir='ltr'><strong>ait</strong></span> <span class='ocrx_word' id='word_1_111' title='bbox 276 1555 334 1590; x_wconf 90' lang='lat' dir='ltr'><strong>eum</strong></span> <span class='ocrx_word' id='word_1_112' title='bbox 346 1542 450 1591; x_wconf 87' lang='lat' dir='ltr'><strong>Donato</strong></span> <span class='ocrx_word' id='word_1_113' title='bbox 464 1558 470 1591; x_wconf 73' lang='grc' dir='ltr'><strong><em>ε</em></strong></span> <span class='ocrx_word' id='word_1_114' title='bbox 489 1542 581 1592; x_wconf 77' lang='lat' dir='ltr'><strong>Malum</strong></span> <span class='ocrx_word' id='word_1_115' title='bbox 592 1559 640 1593; x_wconf 80' lang='lat' dir='ltr'><strong>rem</strong></span> <span class='ocrx_word' id='word_1_116' title='bbox 651 1545 705 1594; x_wconf 82' lang='lat' dir='ltr'><strong>binc</strong></span> <span class='ocrx_word' id='word_1_117' title='bbox 716 1545 780 1594; x_wconf 73' lang='lat' dir='ltr'><strong>tout</strong></span> <span class='ocrx_word' id='word_1_118' title='bbox 799 1544 851 1595; x_wconf 86' lang='lat' dir='ltr'><strong>Hie</strong></span> <span class='ocrx_word' id='word_1_119' title='bbox 868 1547 975 1595; x_wconf 88' lang='lat' dir='ltr'><strong>Donato</strong></span> <span class='ocrx_word' id='word_1_120' title='bbox 985 1543 1093 1597; x_wconf 82' lang='lat' dir='ltr'><strong>tribuit:</strong></span> <span class='ocrx_word' id='word_1_121' title='bbox 1111 1548 1168 1597; x_wconf 79' lang='lat' dir='ltr'><strong>Mu·</strong></span> 
     </span>
     <span class='ocr_line' id='line_1_13' title="bbox 64 1601 1168 1676; baseline 0.013 -29"><span class='ocrx_word' id='word_1_122' title='bbox 64 1601 248 1676; x_wconf 72' lang='lat' dir='ltr'><strong>lqmremabr&#39;sl</strong></span> <span class='ocrx_word' id='word_1_123' title='bbox 264 1605 324 1655; x_wconf 93' lang='lat' dir='ltr'><strong>Non</strong></span> <span class='ocrx_word' id='word_1_124' title='bbox 335 1619 386 1654; x_wconf 85' lang='lat' dir='ltr'><strong>una</strong></span> <span class='ocrx_word' id='word_1_125' title='bbox 397 1606 476 1668; x_wconf 78' lang='lat' dir='ltr'><strong>igitur</strong></span> <span class='ocrx_word' id='word_1_126' title='bbox 488 1607 585 1658; x_wconf 86' lang='lat' dir='ltr'><strong>Donati</strong></span> <span class='ocrx_word' id='word_1_127' title='bbox 597 1609 686 1658; x_wconf 85' lang='lat' dir='ltr'><strong>lectio.</strong></span> <span class='ocrx_word' id='word_1_128' title='bbox 699 1609 757 1658; x_wconf 84' lang='lat' dir='ltr'><strong>EV.</strong></span> <span class='ocrx_word' id='word_1_129' title='bbox 770 1613 793 1657; x_wconf 89' lang='lat'><strong>1.</strong></span> <span class='ocrx_word' id='word_1_130' title='bbox 809 1616 836 1658; x_wconf 85' lang='lat' dir='ltr'><strong>et</strong></span> <span class='ocrx_word' id='word_1_131' title='bbox 849 1609 875 1658; x_wconf 90' lang='lat' dir='ltr'><strong>in</strong></span> <span class='ocrx_word' id='word_1_132' title='bbox 891 1617 1063 1673; x_wconf 69' lang='lat' dir='ltr'><strong>contextoqet</strong></span> <span class='ocrx_word' id='word_1_133' title='bbox 1074 1611 1100 1660; x_wconf 93' lang='lat' dir='ltr'><strong>in</strong></span> <span class='ocrx_word' id='word_1_134' title='bbox 1113 1611 1168 1662; x_wconf 89' lang='lat' dir='ltr'><strong>No-</strong></span> 
     </span>
     <span class='ocr_line' id='line_1_14' title="bbox 65 1665 1169 1726; baseline 0.011 -14"><span class='ocrx_word' id='word_1_135' title='bbox 65 1673 99 1712; x_wconf 86' lang='lat' dir='ltr'><strong>trs</strong></span> <span class='ocrx_word' id='word_1_136' title='bbox 111 1665 211 1717; x_wconf 84' lang='lat' dir='ltr'><strong>Donati</strong></span> <span class='ocrx_word' id='word_1_137' title='bbox 224 1668 348 1718; x_wconf 86' lang='lat' dir='ltr'><strong>exhibet:</strong></span> <span class='ocrx_word' id='word_1_138' title='bbox 384 1671 477 1720; x_wconf 81' lang='lat' dir='ltr'><strong>Malam</strong></span> <span class='ocrx_word' id='word_1_139' title='bbox 492 1671 519 1721; x_wconf 84' lang='lat' dir='ltr'><strong>ln</strong></span> <span class='ocrx_word' id='word_1_140' title='bbox 535 1687 584 1721; x_wconf 86' lang='lat' dir='ltr'><strong>rem</strong></span> <span class='ocrx_word' id='word_1_141' title='bbox 595 1673 650 1722; x_wconf 78' lang='lat' dir='ltr'><strong>bine</strong></span> <span class='ocrx_word' id='word_1_142' title='bbox 661 1672 723 1723; x_wconf 84' lang='lat' dir='ltr'><strong>obi!</strong></span> <span class='ocrx_word' id='word_1_143' title='bbox 741 1673 773 1722; x_wconf 87' lang='lat' dir='ltr'><strong>ln</strong></span> <span class='ocrx_word' id='word_1_144' title='bbox 790 1673 846 1722; x_wconf 82' lang='lat' dir='ltr'><strong>aliis</strong></span> <span class='ocrx_word' id='word_1_145' title='bbox 858 1672 918 1723; x_wconf 81' lang='lat' dir='ltr'><strong>edd.</strong></span> <span class='ocrx_word' id='word_1_146' title='bbox 935 1674 1028 1724; x_wconf 71' lang='lat' dir='ltr'><strong>Moloni</strong></span> <span class='ocrx_word' id='word_1_147' title='bbox 1045 1690 1096 1724; x_wconf 83' lang='lat' dir='ltr'><strong>rem</strong></span> <span class='ocrx_word' id='word_1_148' title='bbox 1117 1676 1169 1726; x_wconf 84' lang='lat' dir='ltr'><strong>obis</strong></span> 
     </span>
     <span class='ocr_line' id='line_1_15' title="bbox 63 1728 1169 1802; baseline 0.012 -26"><span class='ocrx_word' id='word_1_149' title='bbox 63 1728 139 1777; x_wconf 77' lang='lat' dir='ltr'><strong>bino?</strong></span> <span class='ocrx_word' id='word_1_150' title='bbox 156 1733 303 1795; x_wconf 88' lang='lat' dir='ltr'><strong>Utrumque</strong></span> <span class='ocrx_word' id='word_1_151' title='bbox 315 1733 510 1799; x_wconf 75' lang='grc' dir='ltr'><strong><em>ἐμφατικώτερον,</em></strong></span> <span class='ocrx_word' id='word_1_152' title='bbox 526 1738 639 1786; x_wconf 83' lang='lat' dir='ltr'><strong>maxime</strong></span> <span class='ocrx_word' id='word_1_153' title='bbox 655 1738 676 1786; x_wconf 87' lang='lat' dir='ltr'><strong>ei</strong></span> <span class='ocrx_word' id='word_1_154' title='bbox 694 1738 821 1802; x_wconf 83' lang='lat' dir='ltr'><strong>posterius</strong></span> <span class='ocrx_word' id='word_1_155' title='bbox 831 1738 983 1800; x_wconf 75' lang='lat' dir='ltr'><strong>distinguas,</strong></span> <span class='ocrx_word' id='word_1_156' title='bbox 995 1740 1087 1788; x_wconf 82' lang='lat' dir='ltr'><strong>Malum</strong></span> <span class='ocrx_word' id='word_1_157' title='bbox 1097 1741 1169 1790; x_wconf 85' lang='lat' dir='ltr'><strong>rem!</strong></span> 
     </span>
    </p>
   </div>
   <div class='ocr_carea' id='block_1_6' title="bbox 62 1792 1168 1921">
    <p class='ocr_par' dir='ltr' id='par_1_6' title="bbox 62 1792 1168 1921">
     <span class='ocr_line' id='line_1_16' title="bbox 62 1792 1168 1854; baseline 0.013 -14"><span class='ocrx_word' id='word_1_158' title='bbox 62 1792 198 1843; x_wconf 67' lang='lat' dir='ltr'><strong>eontinet</strong></span> <span class='ocrx_word' id='word_1_159' title='bbox 215 1798 352 1847; x_wconf 84' lang='lat' dir='ltr'><strong>Quomodo</strong></span> <span class='ocrx_word' id='word_1_160' title='bbox 363 1812 413 1844; x_wconf 90' lang='lat' dir='ltr'><strong>non</strong></span> <span class='ocrx_word' id='word_1_161' title='bbox 426 1799 542 1846; x_wconf 83' lang='lat' dir='ltr'><strong>dubitavi</strong></span> <span class='ocrx_word' id='word_1_162' title='bbox 554 1802 640 1853; x_wconf 86' lang='lat' dir='ltr'><strong>edere.</strong></span> <span class='ocrx_word' id='word_1_163' title='bbox 661 1799 736 1852; x_wconf 78' lang='lat' dir='ltr'><strong>Weal.</strong></span> <span class='ocrx_word' id='word_1_164' title='bbox 772 1803 863 1851; x_wconf 87' lang='lat' dir='ltr'><strong>Molnm</strong></span> <span class='ocrx_word' id='word_1_165' title='bbox 880 1804 906 1850; x_wconf 85' lang='lat' dir='ltr'><strong>t&#39;n</strong></span> <span class='ocrx_word' id='word_1_166' title='bbox 921 1817 971 1851; x_wconf 82' lang='lat' dir='ltr'><strong>rem</strong></span> <span class='ocrx_word' id='word_1_167' title='bbox 986 1803 1040 1851; x_wconf 80' lang='lat' dir='ltr'><strong>bine</strong></span> <span class='ocrx_word' id='word_1_168' title='bbox 1050 1804 1101 1853; x_wconf 79' lang='lat' dir='ltr'><strong>nbis</strong></span> <span class='ocrx_word' id='word_1_169' title='bbox 1112 1805 1168 1854; x_wconf 87' lang='lat' dir='ltr'><strong>ET.</strong></span> 
     </span>
     <span class='ocr_line' id='line_1_17' title="bbox 64 1857 1167 1921; baseline 0.009 -18"><span class='ocrx_word' id='word_1_170' title='bbox 64 1857 160 1906; x_wconf 80' lang='lat' dir='ltr'><strong>Molem</strong></span> <span class='ocrx_word' id='word_1_171' title='bbox 170 1859 197 1908; x_wconf 80' lang='lat' dir='ltr'><strong>in</strong></span> <span class='ocrx_word' id='word_1_172' title='bbox 207 1860 319 1908; x_wconf 85' lang='lat' dir='ltr'><strong>rembiac</strong></span> <span class='ocrx_word' id='word_1_173' title='bbox 329 1859 369 1908; x_wconf 80' lang='lat' dir='ltr'><strong>obl</strong></span> <span class='ocrx_word' id='word_1_174' title='bbox 381 1860 443 1909; x_wconf 88' lang='lat' dir='ltr'><strong>EM.</strong></span> <span class='ocrx_word' id='word_1_175' title='bbox 477 1860 515 1909; x_wconf 84' lang='lat' dir='ltr'><strong>Id.</strong></span> <span class='ocrx_word' id='word_1_176' title='bbox 527 1860 554 1907; x_wconf 82' lang='lat' dir='ltr'><strong>in</strong></span> <span class='ocrx_word' id='word_1_177' title='bbox 565 1859 629 1908; x_wconf 81' lang='lat' dir='ltr'><strong>Add.</strong></span> <span class='ocrx_word' id='word_1_178' title='bbox 661 1861 755 1908; x_wconf 74' lang='lat' dir='ltr'><strong>Moloni</strong></span> <span class='ocrx_word' id='word_1_179' title='bbox 766 1873 816 1908; x_wconf 84' lang='lat' dir='ltr'><strong>rem</strong></span> <span class='ocrx_word' id='word_1_180' title='bbox 826 1866 882 1908; x_wconf 74' lang='lat' dir='ltr'><strong>blac</strong></span> <span class='ocrx_word' id='word_1_181' title='bbox 894 1866 948 1909; x_wconf 63' lang='lat' dir='ltr'><strong>aba:</strong></span> <span class='ocrx_word' id='word_1_182' title='bbox 962 1866 1035 1917; x_wconf 76' lang='lat' dir='ltr'><strong>dedit</strong></span> <span class='ocrx_word' id='word_1_183' title='bbox 1046 1869 1093 1921; x_wconf 71' lang='lat' dir='ltr'><strong>Fa.</strong></span> <span class='ocrx_word' id='word_1_184' title='bbox 1106 1869 1167 1919; x_wconf 76' lang='lat' dir='ltr'><strong>dum</strong></span> 
     </span>
    </p>
   </div>
   <div class='ocr_carea' id='block_1_7' title="bbox 55 1922 1170 2553">
    <p class='ocr_par' dir='ltr' id='par_1_7' title="bbox 55 1922 1170 2553">
     <span class='ocr_line' id='line_1_18' title="bbox 62 1922 1168 1986; baseline 0.005 -16"><span class='ocrx_word' id='word_1_185' title='bbox 62 1922 152 1970; x_wconf 85' lang='lat' dir='ltr'><strong>codici</strong></span> <span class='ocrx_word' id='word_1_186' title='bbox 164 1923 236 1972; x_wconf 81' lang='lat' dir='ltr'><strong>Bem.</strong></span> <span class='ocrx_word' id='word_1_187' title='bbox 248 1923 273 1971; x_wconf 87' lang='lat' dir='ltr'><strong>in</strong></span> <span class='ocrx_word' id='word_1_188' title='bbox 286 1925 438 1972; x_wconf 84' lang='lat' dir='ltr'><strong>seruitutem</strong></span> <span class='ocrx_word' id='word_1_189' title='bbox 449 1938 478 1972; x_wconf 86' lang='lat' dir='ltr'><strong>se</strong></span> <span class='ocrx_word' id='word_1_190' title='bbox 486 1923 593 1972; x_wconf 83' lang='lat' dir='ltr'><strong>addicit.</strong></span> <span class='ocrx_word' id='word_1_191' title='bbox 625 1923 715 1972; x_wconf 80' lang='lat' dir='ltr'><strong>Nostri</strong></span> <span class='ocrx_word' id='word_1_192' title='bbox 727 1923 846 1986; x_wconf 85' lang='lat' dir='ltr'><strong>plerique</strong></span> <span class='ocrx_word' id='word_1_193' title='bbox 857 1937 945 1972; x_wconf 86' lang='lat' dir='ltr'><strong>ornnes</strong></span> <span class='ocrx_word' id='word_1_194' title='bbox 955 1922 1014 1980; x_wconf 64' lang='lat' dir='ltr'><strong>itta·</strong></span> <span class='ocrx_word' id='word_1_195' title='bbox 1030 1939 1079 1973; x_wconf 87' lang='lat' dir='ltr'><strong>nec</strong></span> <span class='ocrx_word' id='word_1_196' title='bbox 1090 1924 1168 1974; x_wconf 84' lang='lat' dir='ltr'><strong>aliter</strong></span> 
     </span>
     <span class='ocr_line' id='line_1_19' title="bbox 61 1985 1166 2053; baseline 0.005 -21"><span class='ocrx_word' id='word_1_197' title='bbox 61 2001 156 2035; x_wconf 86' lang='lat' dir='ltr'><strong>versus</strong></span> <span class='ocrx_word' id='word_1_198' title='bbox 163 1994 337 2036; x_wconf 88' lang='lat' dir='ltr'><strong>sustentatur.</strong></span> <span class='ocrx_word' id='word_1_199' title='bbox 350 1989 424 2037; x_wconf 82' lang='lat' dir='ltr'><strong>Bent.</strong></span> <span class='ocrx_word' id='word_1_200' title='bbox 442 1987 523 2037; x_wconf 82' lang='lat' dir='ltr'><strong>West.</strong></span> <span class='ocrx_word' id='word_1_201' title='bbox 535 1988 602 2036; x_wconf 84' lang='lat' dir='ltr'><strong>maie</strong></span> <span class='ocrx_word' id='word_1_202' title='bbox 612 1987 755 2050; x_wconf 79' lang='lat' dir='ltr'><strong>dispungit,</strong></span> <span class='ocrx_word' id='word_1_203' title='bbox 764 1988 855 2036; x_wconf 81' lang='lat' dir='ltr'><strong>Malum</strong></span> <span class='ocrx_word' id='word_1_204' title='bbox 866 2000 915 2035; x_wconf 86' lang='lat' dir='ltr'><strong>rem</strong></span> <span class='ocrx_word' id='word_1_205' title='bbox 925 1985 937 2034; x_wconf 94' lang='lat'><strong><em>!</em></strong></span> <span class='ocrx_word' id='word_1_206' title='bbox 949 1987 1003 2036; x_wconf 81' lang='lat' dir='ltr'><strong>irinc</strong></span> <span class='ocrx_word' id='word_1_207' title='bbox 1013 1987 1084 2036; x_wconf 74' lang='lat' dir='ltr'><strong>oble?</strong></span> <span class='ocrx_word' id='word_1_208' title='bbox 1104 1988 1166 2053; x_wconf 81' lang='lat' dir='ltr'><strong>Bip.</strong></span> 
     </span>
     <span class='ocr_line' id='line_1_20' title="bbox 60 2050 1170 2119; baseline 0.002 -20"><span class='ocrx_word' id='word_1_209' title='bbox 60 2051 157 2100; x_wconf 77' lang='lat' dir='ltr'><strong>Nostri</strong></span> <span class='ocrx_word' id='word_1_210' title='bbox 174 2067 261 2100; x_wconf 89' lang='lat' dir='ltr'><strong>omnes</strong></span> <span class='ocrx_word' id='word_1_211' title='bbox 280 2053 372 2101; x_wconf 79' lang='lat' dir='ltr'><strong>illalum</strong></span> <span class='ocrx_word' id='word_1_212' title='bbox 386 2051 413 2101; x_wconf 83' lang='lat' dir='ltr'><strong>in</strong></span> <span class='ocrx_word' id='word_1_213' title='bbox 426 2067 475 2101; x_wconf 83' lang='lat' dir='ltr'><strong>rem</strong></span> <span class='ocrx_word' id='word_1_214' title='bbox 486 2052 551 2114; x_wconf 82' lang='lat' dir='ltr'><strong>bine,</strong></span> <span class='ocrx_word' id='word_1_215' title='bbox 572 2059 600 2101; x_wconf 90' lang='lat' dir='ltr'><strong>et</strong></span> <span class='ocrx_word' id='word_1_216' title='bbox 610 2051 691 2100; x_wconf 86' lang='lat' dir='ltr'><strong>minus</strong></span> <span class='ocrx_word' id='word_1_217' title='bbox 708 2051 850 2114; x_wconf 83' lang='lat' dir='ltr'><strong>eleganter,</strong></span> <span class='ocrx_word' id='word_1_218' title='bbox 860 2057 888 2099; x_wconf 88' lang='lat' dir='ltr'><strong>et</strong></span> <span class='ocrx_word' id='word_1_219' title='bbox 902 2050 968 2099; x_wconf 88' lang='lat' dir='ltr'><strong>male</strong></span> <span class='ocrx_word' id='word_1_220' title='bbox 980 2050 1044 2100; x_wconf 88' lang='lat' dir='ltr'><strong>eliso</strong></span> <span class='ocrx_word' id='word_1_221' title='bbox 1055 2057 1170 2119; x_wconf 78' lang='lat' dir='ltr'><strong>utroque</strong></span> 
     </span>
     <span class='ocr_line' id='line_1_21' title="bbox 60 2113 1166 2192; baseline 0.004 -30"><span class='ocrx_word' id='word_1_222' title='bbox 60 2115 181 2165; x_wconf 89' lang='lat' dir='ltr'><strong>nomine.</strong></span> <span class='ocrx_word' id='word_1_223' title='bbox 198 2117 273 2166; x_wconf 85' lang='lat' dir='ltr'><strong>Bolb.</strong></span> <span class='ocrx_word' id='word_1_224' title='bbox 291 2116 397 2192; x_wconf 76' lang='lat' dir='ltr'><strong>quidet</strong></span> <span class='ocrx_word' id='word_1_225' title='bbox 415 2129 473 2166; x_wconf 85' lang='lat' dir='ltr'><strong>eum</strong></span> <span class='ocrx_word' id='word_1_226' title='bbox 491 2116 570 2166; x_wconf 89' lang='lat' dir='ltr'><strong>Bent.</strong></span> <span class='ocrx_word' id='word_1_227' title='bbox 589 2122 617 2166; x_wconf 87' lang='lat' dir='ltr'><strong>et</strong></span> <span class='ocrx_word' id='word_1_228' title='bbox 635 2115 666 2164; x_wconf 86' lang='lat' dir='ltr'><strong>Z.</strong></span> <span class='ocrx_word' id='word_1_229' title='bbox 688 2116 780 2165; x_wconf 81' lang='lat' dir='ltr'><strong>Mnlnm</strong></span> <span class='ocrx_word' id='word_1_230' title='bbox 795 2129 845 2164; x_wconf 85' lang='lat' dir='ltr'><strong>rem</strong></span> <span class='ocrx_word' id='word_1_231' title='bbox 859 2114 914 2163; x_wconf 81' lang='lat' dir='ltr'><strong>binc</strong></span> <span class='ocrx_word' id='word_1_232' title='bbox 924 2113 990 2166; x_wconf 80' lang='lat' dir='ltr'><strong>ibis?</strong></span> <span class='ocrx_word' id='word_1_233' title='bbox 1010 2115 1054 2164; x_wconf 83' lang='lat' dir='ltr'><strong>Sic</strong></span> <span class='ocrx_word' id='word_1_234' title='bbox 1073 2115 1166 2179; x_wconf 78' lang='lat' dir='ltr'><strong>tegunt</strong></span> 
     </span>
     <span class='ocr_line' id='line_1_22' title="bbox 61 2177 1167 2243; baseline 0.004 -17"><span class='ocrx_word' id='word_1_235' title='bbox 61 2179 96 2227; x_wconf 85' lang='lat' dir='ltr'><strong>R.</strong></span> <span class='ocrx_word' id='word_1_236' title='bbox 109 2180 147 2227; x_wconf 91' lang='lat' dir='ltr'><strong>D.</strong></span> <span class='ocrx_word' id='word_1_237' title='bbox 184 2181 273 2229; x_wconf 76' lang='lat' dir='ltr'><strong>Molem</strong></span> <span class='ocrx_word' id='word_1_238' title='bbox 294 2196 319 2228; x_wconf 80' lang='lat' dir='ltr'><strong>tn</strong></span> <span class='ocrx_word' id='word_1_239' title='bbox 334 2181 570 2243; x_wconf 83' lang='lat' dir='ltr'><strong>rernbincobissip.</strong></span> <span class='ocrx_word' id='word_1_240' title='bbox 605 2181 696 2229; x_wconf 78' lang='lat' dir='ltr'><strong>Molem</strong></span> <span class='ocrx_word' id='word_1_241' title='bbox 715 2181 741 2228; x_wconf 81' lang='lat' dir='ltr'><strong>in</strong></span> <span class='ocrx_word' id='word_1_242' title='bbox 760 2194 810 2228; x_wconf 78' lang='lat' dir='ltr'><strong>rem</strong></span> <span class='ocrx_word' id='word_1_243' title='bbox 827 2179 881 2227; x_wconf 78' lang='lat' dir='ltr'><strong>biae</strong></span> <span class='ocrx_word' id='word_1_244' title='bbox 898 2178 943 2227; x_wconf 76' lang='lat' dir='ltr'><strong>ltu</strong></span> <span class='ocrx_word' id='word_1_245' title='bbox 958 2177 1030 2228; x_wconf 85' lang='lat' dir='ltr'><strong>Perl.</strong></span> <span class='ocrx_word' id='word_1_246' title='bbox 1051 2179 1095 2243; x_wconf 93' lang='lat' dir='ltr'><strong>qui</strong></span> <span class='ocrx_word' id='word_1_247' title='bbox 1114 2179 1167 2230; x_wconf 76' lang='lat' dir='ltr'><strong>aba</strong></span> 
     </span>
     <span class='ocr_line' id='line_1_23' title="bbox 57 2241 1165 2306; baseline 0.002 -14"><span class='ocrx_word' id='word_1_248' title='bbox 57 2243 154 2305; x_wconf 86' lang='lat' dir='ltr'><strong>legere</strong></span> <span class='ocrx_word' id='word_1_249' title='bbox 172 2243 264 2294; x_wconf 80' lang='lat' dir='ltr'><strong>Guelf.</strong></span> <span class='ocrx_word' id='word_1_250' title='bbox 277 2247 300 2294; x_wconf 91' lang='lat'><strong>1.</strong></span> <span class='ocrx_word' id='word_1_251' title='bbox 314 2249 499 2295; x_wconf 63' lang='lat' dir='ltr'><strong>testatus-at</strong></span> <span class='ocrx_word' id='word_1_252' title='bbox 522 2245 570 2294; x_wconf 83' lang='lat' dir='ltr'><strong>Ubi</strong></span> <span class='ocrx_word' id='word_1_253' title='bbox 586 2245 630 2293; x_wconf 81' lang='lat' dir='ltr'><strong>illu</strong></span> <span class='ocrx_word' id='word_1_254' title='bbox 645 2249 688 2294; x_wconf 82' lang='lat' dir='ltr'><strong>est.</strong></span> <span class='ocrx_word' id='word_1_255' title='bbox 705 2244 796 2294; x_wconf 88' lang='lat' dir='ltr'><strong>Malim</strong></span> <span class='ocrx_word' id='word_1_256' title='bbox 808 2243 865 2290; x_wconf 79' lang='lat' dir='ltr'><strong>haec</strong></span> <span class='ocrx_word' id='word_1_257' title='bbox 878 2241 958 2306; x_wconf 75' lang='lat' dir='ltr'><strong>magis</strong></span> <span class='ocrx_word' id='word_1_258' title='bbox 976 2242 1137 2306; x_wconf 75' lang='lat' dir='ltr'><strong>distinguere</strong></span> <span class='ocrx_word' id='word_1_259' title='bbox 1150 2261 1165 2294; x_wconf 77' lang='lat' dir='ltr'><strong>a</strong></span> 
     </span>
     <span class='ocr_line' id='line_1_24' title="bbox 59 2304 1165 2372; baseline 0.003 -16"><span class='ocrx_word' id='word_1_260' title='bbox 59 2307 250 2370; x_wconf 84' lang='lat' dir='ltr'><strong>superioribus,</strong></span> <span class='ocrx_word' id='word_1_261' title='bbox 262 2317 290 2358; x_wconf 89' lang='lat' dir='ltr'><strong>et</strong></span> <span class='ocrx_word' id='word_1_262' title='bbox 307 2310 413 2372; x_wconf 83' lang='lat' dir='ltr'><strong>legere:</strong></span> <span class='ocrx_word' id='word_1_263' title='bbox 432 2310 472 2359; x_wconf 82' lang='lat' dir='ltr'><strong>lbi</strong></span> <span class='ocrx_word' id='word_1_264' title='bbox 484 2311 525 2359; x_wconf 82' lang='lat' dir='ltr'><strong>illo</strong></span> <span class='ocrx_word' id='word_1_265' title='bbox 543 2315 586 2359; x_wconf 81' lang='lat' dir='ltr'><strong>est.</strong></span> <span class='ocrx_word' id='word_1_266' title='bbox 603 2309 754 2359; x_wconf 70' lang='lat' dir='ltr'><strong>west—32</strong></span> <span class='ocrx_word' id='word_1_267' title='bbox 771 2308 856 2357; x_wconf 82' lang='lat' dir='ltr'><strong>Deduc</strong></span> <span class='ocrx_word' id='word_1_268' title='bbox 867 2304 922 2355; x_wconf 88' lang='grc' dir='ltr'><strong>ΕΡ.</strong></span> <span class='ocrx_word' id='word_1_269' title='bbox 942 2305 999 2354; x_wconf 85' lang='grc' dir='ltr'><strong>ΕΤ.</strong></span> <span class='ocrx_word' id='word_1_270' title='bbox 1015 2306 1070 2355; x_wconf 80' lang='lat' dir='ltr'><strong>EV.</strong></span> <span class='ocrx_word' id='word_1_271' title='bbox 1083 2311 1108 2358; x_wconf 94' lang='lat'><strong>1.</strong></span> <span class='ocrx_word' id='word_1_272' title='bbox 1124 2308 1165 2359; x_wconf 85' lang='lat' dir='ltr'><strong>ld.</strong></span> 
     </span>
     <span class='ocr_line' id='line_1_25' title="bbox 56 2369 1167 2426; baseline 0 -6"><span class='ocrx_word' id='word_1_273' title='bbox 56 2372 149 2426; x_wconf 73' lang='lat' dir='ltr'><strong>Derion</strong></span> <span class='ocrx_word' id='word_1_274' title='bbox 161 2374 243 2422; x_wconf 85' lang='lat' dir='ltr'><strong>nostri</strong></span> <span class='ocrx_word' id='word_1_275' title='bbox 252 2388 340 2422; x_wconf 87' lang='lat' dir='ltr'><strong>ornnes</strong></span> <span class='ocrx_word' id='word_1_276' title='bbox 353 2389 411 2423; x_wconf 90' lang='lat' dir='ltr'><strong>eum</strong></span> <span class='ocrx_word' id='word_1_277' title='bbox 424 2374 484 2424; x_wconf 90' lang='lat' dir='ltr'><strong>edd.</strong></span> <span class='ocrx_word' id='word_1_278' title='bbox 498 2380 563 2425; x_wconf 81' lang='lat' dir='ltr'><strong>vett.</strong></span> <span class='ocrx_word' id='word_1_279' title='bbox 575 2381 604 2422; x_wconf 88' lang='lat' dir='ltr'><strong>ut</strong></span> <span class='ocrx_word' id='word_1_280' title='bbox 615 2373 676 2422; x_wconf 84' lang='lat' dir='ltr'><strong>alibi</strong></span> <span class='ocrx_word' id='word_1_281' title='bbox 687 2372 770 2420; x_wconf 83' lang='lat' dir='ltr'><strong>abdue.</strong></span> <span class='ocrx_word' id='word_1_282' title='bbox 788 2373 867 2420; x_wconf 83' lang='lat' dir='ltr'><strong>Beot.</strong></span> <span class='ocrx_word' id='word_1_283' title='bbox 888 2371 973 2419; x_wconf 86' lang='lat' dir='ltr'><strong>Deduc</strong></span> <span class='ocrx_word' id='word_1_284' title='bbox 983 2369 1015 2419; x_wconf 86' lang='lat' dir='ltr'><strong>R.</strong></span> <span class='ocrx_word' id='word_1_285' title='bbox 1029 2369 1101 2420; x_wconf 70' lang='lat' dir='ltr'><strong>Lino.</strong></span> <span class='ocrx_word' id='word_1_286' title='bbox 1122 2371 1167 2420; x_wconf 85' lang='lat' dir='ltr'><strong>Al.</strong></span> 
     </span>
     <span class='ocr_line' id='line_1_26' title="bbox 56 2433 1166 2502; baseline 0.003 -20"><span class='ocrx_word' id='word_1_287' title='bbox 56 2436 146 2486; x_wconf 77' lang='lat' dir='ltr'><strong>abduc.</strong></span> <span class='ocrx_word' id='word_1_288' title='bbox 159 2437 237 2499; x_wconf 84' lang='lat' dir='ltr'><strong>Peri.</strong></span> <span class='ocrx_word' id='word_1_289' title='bbox 249 2453 325 2502; x_wconf 78' lang='lat' dir='ltr'><strong>quens</strong></span> <span class='ocrx_word' id='word_1_290' title='bbox 345 2436 383 2487; x_wconf 91' lang='lat' dir='ltr'><strong>ita</strong></span> <span class='ocrx_word' id='word_1_291' title='bbox 394 2444 532 2488; x_wconf 68' lang='lat' dir='ltr'><strong>notantemv</strong></span> <span class='ocrx_word' id='word_1_292' title='bbox 546 2439 614 2489; x_wconf 86' lang='lat' dir='ltr'><strong>male</strong></span> <span class='ocrx_word' id='word_1_293' title='bbox 631 2437 792 2488; x_wconf 83' lang='lat' dir='ltr'><strong>intellexisse</strong></span> <span class='ocrx_word' id='word_1_294' title='bbox 804 2435 952 2485; x_wconf 87' lang='lat' dir='ltr'><strong>Bentleinm</strong></span> <span class='ocrx_word' id='word_1_295' title='bbox 962 2433 1166 2485; x_wconf 71' lang='lat' dir='ltr'><strong>ridebunDedus</strong></span> 
     </span>
     <span class='ocr_line' id='line_1_27' title="bbox 55 2499 442 2553; baseline 0.005 -3"><span class='ocrx_word' id='word_1_296' title='bbox 55 2500 127 2550; x_wconf 85' lang='lat' dir='ltr'><strong>dant</strong></span> <span class='ocrx_word' id='word_1_297' title='bbox 139 2501 184 2553; x_wconf 90' lang='lat' dir='ltr'><strong>Br.</strong></span> <span class='ocrx_word' id='word_1_298' title='bbox 193 2503 273 2552; x_wconf 91' lang='lat' dir='ltr'><strong>Bent.</strong></span> <span class='ocrx_word' id='word_1_299' title='bbox 284 2499 361 2552; x_wconf 85' lang='lat' dir='ltr'><strong>Both.</strong></span> <span class='ocrx_word' id='word_1_300' title='bbox 372 2502 442 2552; x_wconf 82' lang='lat' dir='ltr'><strong>Peri.</strong></span> 
     </span>
    </p>
   </div>
   <div class='ocr_carea' id='block_1_8' title="bbox 484 2710 741 2746">
    <p class='ocr_par' dir='ltr' id='par_1_8' title="bbox 484 2710 741 2746">
     <span class='ocr_line' id='line_1_28' title="bbox 484 2710 741 2746; baseline 0 -1"><span class='ocrx_word' id='word_1_301' title='bbox 484 2710 741 2746; x_wconf 47' lang='lat' dir='ltr'><em>Q</em></span> 
     </span>
    </p>
   </div>
   <div class='ocr_carea' id='block_1_9' title="bbox 356 2896 869 2970">
    <p class='ocr_par' dir='ltr' id='par_1_9' title="bbox 356 2896 869 2970">
     <span class='ocr_line' id='line_1_29' title="bbox 356 2896 869 2970; baseline -0.008 -1"><span class='ocrx_word' id='word_1_302' title='bbox 356 2896 510 2970; x_wconf 76' lang='lat' dir='ltr'>ACTUS</span> <span class='ocrx_word' id='word_1_303' title='bbox 534 2902 603 2969; x_wconf 88' lang='lat' dir='ltr'><strong>Ill.</strong></span> <span class='ocrx_word' id='word_1_304' title='bbox 626 2899 783 2968; x_wconf 85' lang='lat' dir='ltr'><strong>SCENA</strong></span> <span class='ocrx_word' id='word_1_305' title='bbox 804 2899 869 2967; x_wconf 91' lang='lat' dir='ltr'><strong>IV.</strong></span> 
     </span>
    </p>
   </div>
   <div class='ocr_carea' id='block_1_10' title="bbox 51 3055 924 3242">
    <p class='ocr_par' dir='ltr' id='par_1_10' title="bbox 51 3055 924 3242">
     <span class='ocr_line' id='line_1_30' title="bbox 523 3055 706 3103; baseline 0.005 -1"><span class='ocrx_word' id='word_1_306' title='bbox 523 3055 706 3103; x_wconf 76' lang='lat' dir='ltr'><strong>auriono.</strong></span> 
     </span>
     <span class='ocr_line' id='line_1_31' title="bbox 51 3152 924 3242; baseline -0.009 -18"><span class='ocrx_word' id='word_1_307' title='bbox 51 3160 167 3224; x_wconf 78' lang='lat' dir='ltr'><strong>-Hmn</strong></span> <span class='ocrx_word' id='word_1_308' title='bbox 184 3159 319 3242; x_wconf 89' lang='lat' dir='ltr'><strong>aliquot</strong></span> <span class='ocrx_word' id='word_1_309' title='bbox 331 3157 574 3223; x_wconf 83' lang='lat' dir='ltr'><strong>adolescentuli</strong></span> <span class='ocrx_word' id='word_1_310' title='bbox 587 3157 718 3221; x_wconf 84' lang='lat' dir='ltr'><strong>coimus</strong></span> <span class='ocrx_word' id='word_1_311' title='bbox 731 3154 767 3218; x_wconf 94' lang='lat' dir='ltr'><strong>in</strong></span> <span class='ocrx_word' id='word_1_312' title='bbox 781 3152 924 3230; x_wconf 84' lang='lat' dir='ltr'><strong>Piraeeo,</strong></span> 
     </span>
    </p>
   </div>
   <div class='ocr_carea' id='block_1_11' title="bbox 53 3305 1162 3388">
    <p class='ocr_par' dir='ltr' id='par_1_11' title="bbox 53 3305 1162 3388">
     <span class='ocr_line' id='line_1_32' title="bbox 53 3305 1162 3388; baseline -0.008 -13"><span class='ocrx_word' id='word_1_313' title='bbox 53 3322 58 3330; x_wconf 82' lang='grc'>’</span> <span class='ocrx_word' id='word_1_314' title='bbox 90 3325 213 3375; x_wconf 78' lang='lat' dir='ltr'><strong>Hesterno</strong></span> <span class='ocrx_word' id='word_1_315' title='bbox 230 3323 269 3374; x_wconf 82' lang='lat' dir='ltr'><strong>die</strong></span> <span class='ocrx_word' id='word_1_316' title='bbox 287 3324 376 3388; x_wconf 78' lang='lat' dir='ltr'><strong>aliquot</strong></span> <span class='ocrx_word' id='word_1_317' title='bbox 394 3321 557 3373; x_wconf 67' lang='lat' dir='ltr'><strong>monscentuli</strong></span> <span class='ocrx_word' id='word_1_318' title='bbox 570 3305 601 3371; x_wconf 71' lang='lat' dir='ltr'><strong>¹in</strong></span> <span class='ocrx_word' id='word_1_319' title='bbox 611 3322 704 3371; x_wconf 80' lang='lat' dir='ltr'><strong>Piraeo</strong></span> <span class='ocrx_word' id='word_1_320' title='bbox 723 3319 878 3386; x_wconf 75' lang='lat' dir='ltr'><strong>convenimus,</strong></span> <span class='ocrx_word' id='word_1_321' title='bbox 895 3318 922 3369; x_wconf 81' lang='lat' dir='ltr'><strong>ln</strong></span> <span class='ocrx_word' id='word_1_322' title='bbox 941 3317 1002 3385; x_wconf 81' lang='lat' dir='ltr'><strong>bunc</strong></span> <span class='ocrx_word' id='word_1_323' title='bbox 1024 3316 1162 3385; x_wconf 69' lang='lat' dir='ltr'><strong>boetianum</strong></span> 
     </span>
    </p>
   </div>
   <div class='ocr_carea' id='block_1_12' title="bbox 520 3464 697 3489">
    <p class='ocr_par' dir='ltr' id='par_1_12' title="bbox 520 3464 697 3489">
     <span class='ocr_line' id='line_1_33' title="bbox 520 3464 697 3489; baseline 0.006 -4"><span class='ocrx_word' id='word_1_324' title='bbox 520 3464 697 3489; x_wconf 53' lang='lat' dir='ltr'><strong>&amp;mm</strong></span> 
     </span>
    </p>
   </div>
   <div class='ocr_carea' id='block_1_13' title="bbox 52 3551 1162 4204">
    <p class='ocr_par' dir='ltr' id='par_1_13' title="bbox 52 3551 1162 4204">
     <span class='ocr_line' id='line_1_34' title="bbox 55 3551 1160 3628; baseline -0.007 -21"><span class='ocrx_word' id='word_1_325' title='bbox 55 3585 58 3590; x_wconf 93' lang='lat'><em>-</em></span> <span class='ocrx_word' id='word_1_326' title='bbox 89 3564 104 3607; x_wconf 89' lang='grc'><strong>1</strong></span> <span class='ocrx_word' id='word_1_327' title='bbox 126 3559 194 3621; x_wconf 83' lang='lat' dir='ltr'><strong>Gny.</strong></span> <span class='ocrx_word' id='word_1_328' title='bbox 207 3563 234 3608; x_wconf 87' lang='lat' dir='ltr'><strong>et</strong></span> <span class='ocrx_word' id='word_1_329' title='bbox 246 3559 330 3609; x_wconf 83' lang='lat' dir='ltr'><strong>Boeel.</strong></span> <span class='ocrx_word' id='word_1_330' title='bbox 342 3559 501 3622; x_wconf 85' lang='lat' dir='ltr'><strong>contendunt</strong></span> <span class='ocrx_word' id='word_1_331' title='bbox 512 3559 649 3625; x_wconf 74' lang='lat' dir='ltr'><strong>legendnm</strong></span> <span class='ocrx_word' id='word_1_332' title='bbox 661 3573 729 3614; x_wconf 82' lang='lat' dir='ltr'><strong>esse,</strong></span> <span class='ocrx_word' id='word_1_333' title='bbox 740 3558 833 3608; x_wconf 79' lang='lat' dir='ltr'><strong>Piraeo.</strong></span> <span class='ocrx_word' id='word_1_334' title='bbox 866 3554 918 3606; x_wconf 81' lang='lat' dir='ltr'><strong>Sed</strong></span> <span class='ocrx_word' id='word_1_335' title='bbox 931 3559 959 3604; x_wconf 84' lang='lat' dir='ltr'><strong>et</strong></span> <span class='ocrx_word' id='word_1_336' title='bbox 969 3552 1116 3628; x_wconf 61' lang='lat' dir='ltr'><strong>Malseoina</strong></span> <span class='ocrx_word' id='word_1_337' title='bbox 1126 3551 1160 3600; x_wconf 85' lang='lat' dir='ltr'><strong>ad</strong></span> 
     </span>
     <span class='ocr_line' id='line_1_35' title="bbox 54 3619 1160 3690; baseline -0.01 -17"><span class='ocrx_word' id='word_1_338' title='bbox 54 3626 115 3677; x_wconf 81' lang='lat' dir='ltr'><strong>cie.</strong></span> <span class='ocrx_word' id='word_1_339' title='bbox 127 3623 185 3673; x_wconf 84' lang='lat' dir='ltr'><strong>Att.</strong></span> <span class='ocrx_word' id='word_1_340' title='bbox 195 3634 247 3672; x_wconf 78' lang='lat' dir='ltr'><strong>vri.</strong></span> <span class='ocrx_word' id='word_1_341' title='bbox 255 3629 281 3673; x_wconf 84' lang='lat' dir='ltr'><strong>a.</strong></span> <span class='ocrx_word' id='word_1_342' title='bbox 292 3625 330 3672; x_wconf 87' lang='lat' dir='ltr'><strong>ita</strong></span> <span class='ocrx_word' id='word_1_343' title='bbox 341 3624 414 3686; x_wconf 78' lang='lat' dir='ltr'><strong>legin</strong></span> <span class='ocrx_word' id='word_1_344' title='bbox 446 3624 540 3688; x_wconf 79' lang='lat' dir='ltr'><strong>Itaque</strong></span> <span class='ocrx_word' id='word_1_345' title='bbox 558 3632 599 3674; x_wconf 83' lang='lat' dir='ltr'><strong>est</strong></span> <span class='ocrx_word' id='word_1_346' title='bbox 610 3625 637 3672; x_wconf 93' lang='lat' dir='ltr'><strong>in</strong></span> <span class='ocrx_word' id='word_1_347' title='bbox 654 3624 784 3686; x_wconf 84' lang='lat' dir='ltr'><strong>plerisque</strong></span> <span class='ocrx_word' id='word_1_348' title='bbox 795 3620 928 3671; x_wconf 75' lang='lat' dir='ltr'><strong>veteribus</strong></span> <span class='ocrx_word' id='word_1_349' title='bbox 938 3619 1080 3680; x_wconf 69' lang='lat' dir='ltr'><strong>impressis,</strong></span> <span class='ocrx_word' id='word_1_350' title='bbox 1093 3628 1160 3690; x_wconf 69' lang='lat' dir='ltr'><strong>pros·</strong></span> 
     </span>
     <span class='ocr_line' id='line_1_36' title="bbox 52 3680 1162 3757; baseline -0.012 -17"><span class='ocrx_word' id='word_1_351' title='bbox 52 3693 178 3751; x_wconf 74' lang='lat' dir='ltr'><strong>&#39;torquant</strong></span> <span class='ocrx_word' id='word_1_352' title='bbox 198 3689 252 3737; x_wconf 83' lang='lat' dir='ltr'><strong>ET.</strong></span> <span class='ocrx_word' id='word_1_353' title='bbox 286 3689 398 3739; x_wconf 83' lang='lat' dir='ltr'><strong>Variaot</strong></span> <span class='ocrx_word' id='word_1_354' title='bbox 416 3689 482 3737; x_wconf 78' lang='lat' dir='ltr'><strong>Mn.</strong></span> <span class='ocrx_word' id='word_1_355' title='bbox 515 3690 572 3752; x_wconf 76' lang='lat' dir='ltr'><strong>Ego</strong></span> <span class='ocrx_word' id='word_1_356' title='bbox 591 3702 654 3736; x_wconf 80' lang='lat' dir='ltr'><strong>vero</strong></span> <span class='ocrx_word' id='word_1_357' title='bbox 671 3688 791 3736; x_wconf 78' lang='lat' dir='ltr'><strong>standum</strong></span> <span class='ocrx_word' id='word_1_358' title='bbox 809 3699 904 3736; x_wconf 82' lang='lat' dir='ltr'><strong>censeo</strong></span> <span class='ocrx_word' id='word_1_359' title='bbox 919 3682 945 3734; x_wconf 80' lang='lat' dir='ltr'><strong>J.</strong></span> <span class='ocrx_word' id='word_1_360' title='bbox 963 3680 1162 3757; x_wconf 71' lang='lat' dir='ltr'><strong>FnGronorro,</strong></span> 
     </span>
     <span class='ocr_line' id='line_1_37' title="bbox 54 3746 1160 3820; baseline -0.011 -16"><span class='ocrx_word' id='word_1_361' title='bbox 54 3754 172 3804; x_wconf 83' lang='lat' dir='ltr'><strong>Observ.</strong></span> <span class='ocrx_word' id='word_1_362' title='bbox 181 3766 200 3800; x_wconf 89' lang='lat'><strong>1.</strong></span> <span class='ocrx_word' id='word_1_363' title='bbox 212 3756 236 3800; x_wconf 80' lang='grc'><strong>3.</strong></span> <span class='ocrx_word' id='word_1_364' title='bbox 248 3753 390 3813; x_wconf 82' lang='lat' dir='ltr'><strong>evincenti,</strong></span> <span class='ocrx_word' id='word_1_365' title='bbox 402 3768 489 3803; x_wconf 83' lang='lat' dir='ltr'><strong>omnes</strong></span> <span class='ocrx_word' id='word_1_366' title='bbox 502 3752 609 3803; x_wconf 78' lang='lat' dir='ltr'><strong>Graecos</strong></span> <span class='ocrx_word' id='word_1_367' title='bbox 622 3753 659 3801; x_wconf 83' lang='lat' dir='ltr'><strong>ita</strong></span> <span class='ocrx_word' id='word_1_368' title='bbox 670 3753 781 3814; x_wconf 84' lang='lat' dir='ltr'><strong>locutos,</strong></span> <span class='ocrx_word' id='word_1_369' title='bbox 795 3757 824 3799; x_wconf 92' lang='lat' dir='ltr'><strong>ut</strong></span> <span class='ocrx_word' id='word_1_370' title='bbox 836 3746 943 3811; x_wconf 79' lang='grc' dir='ltr'><strong><em>Πειραιέα</em></strong></span> <span class='ocrx_word' id='word_1_371' title='bbox 954 3747 1002 3820; x_wconf 79' lang='lat' dir='ltr'><strong>rel¹</strong></span> <span class='ocrx_word' id='word_1_372' title='bbox 1011 3750 1106 3805; x_wconf 77' lang='grc' dir='ltr'>Πειραια</span> <span class='ocrx_word' id='word_1_373' title='bbox 1116 3758 1160 3792; x_wconf 86' lang='lat' dir='ltr'><strong>vo·</strong></span> 
     </span>
     <span class='ocr_line' id='line_1_38' title="bbox 52 3808 1159 3884; baseline -0.013 -16"><span class='ocrx_word' id='word_1_374' title='bbox 52 3818 143 3868; x_wconf 85' lang='lat' dir='ltr'><strong>earint</strong></span> <span class='ocrx_word' id='word_1_375' title='bbox 158 3816 281 3879; x_wconf 85' lang='lat' dir='ltr'><strong>oppidum</strong></span> <span class='ocrx_word' id='word_1_376' title='bbox 300 3833 330 3866; x_wconf 83' lang='lat' dir='ltr'><strong>ae</strong></span> <span class='ocrx_word' id='word_1_377' title='bbox 347 3825 452 3881; x_wconf 87' lang='lat' dir='ltr'><strong>portum</strong></span> <span class='ocrx_word' id='word_1_378' title='bbox 470 3816 650 3878; x_wconf 68' lang='lat' dir='ltr'><strong>Athenarum</strong></span> <span class='ocrx_word' id='word_1_379' title='bbox 667 3831 797 3879; x_wconf 83' lang='lat' dir='ltr'><strong>nunquam</strong></span> <span class='ocrx_word' id='word_1_380' title='bbox 818 3810 925 3875; x_wconf 77' lang='grc' dir='ltr'><strong>Πειραιὺν</strong></span> <span class='ocrx_word' id='word_1_381' title='bbox 943 3808 1076 3884; x_wconf 66' lang='lat' dir='ltr'><strong>oppidum,</strong></span> <span class='ocrx_word' id='word_1_382' title='bbox 1094 3820 1159 3855; x_wconf 90' lang='lat' dir='ltr'><strong>nnn·</strong></span> 
     </span>
     <span class='ocr_line' id='line_1_39' title="bbox 52 3871 1158 3984; baseline -0.01 -53"><span class='ocrx_word' id='word_1_383' title='bbox 52 3895 134 3948; x_wconf 88' lang='lat' dir='ltr'><strong>quam</strong></span> <span class='ocrx_word' id='word_1_384' title='bbox 147 3879 256 3944; x_wconf 78' lang='grc' dir='ltr'><strong>Πειραιέα</strong></span> <span class='ocrx_word' id='word_1_385' title='bbox 268 3882 395 3930; x_wconf 87' lang='lat' dir='ltr'><strong>bominem</strong></span> <span class='ocrx_word' id='word_1_386' title='bbox 413 3897 446 3931; x_wconf 84' lang='lat' dir='ltr'><strong>ex</strong></span> <span class='ocrx_word' id='word_1_387' title='bbox 463 3889 548 3946; x_wconf 83' lang='lat' dir='ltr'><strong>portu.</strong></span> <span class='ocrx_word' id='word_1_388' title='bbox 581 3882 654 3931; x_wconf 89' lang='lat' dir='ltr'><strong>Idem</strong></span> <span class='ocrx_word' id='word_1_389' title='bbox 672 3879 941 3944; x_wconf 76' lang='lat' dir='ltr'><strong>gravisScriptornec</strong></span> <span class='ocrx_word' id='word_1_390' title='bbox 953 3888 979 3920; x_wconf 85' lang='lat' dir='ltr'><strong>tn</strong></span> <span class='ocrx_word' id='word_1_391' title='bbox 996 3879 1073 3935; x_wconf 78' lang='lat' dir='ltr'><strong>metri</strong></span> <span class='ocrx_word' id='word_1_392' title='bbox 1084 3871 1158 3984; x_wconf 45' lang='lat' dir='ltr'><strong>leges</strong></span> 
     </span>
     <span class='ocr_line' id='line_1_40' title="bbox 53 3935 1158 4018; baseline -0.012 -22"><span class='ocrx_word' id='word_1_393' title='bbox 53 3945 172 4012; x_wconf 81' lang='lat' dir='ltr'><strong>peccari,</strong></span> <span class='ocrx_word' id='word_1_394' title='bbox 193 3945 214 3992; x_wconf 85' lang='lat' dir='ltr'><strong>si</strong></span> <span class='ocrx_word' id='word_1_395' title='bbox 235 3945 327 3994; x_wconf 82' lang='lat' dir='ltr'><strong>Piraeeo</strong></span> <span class='ocrx_word' id='word_1_396' title='bbox 346 3947 455 4010; x_wconf 77' lang='lat' dir='ltr'><strong>legatur,</strong></span> <span class='ocrx_word' id='word_1_397' title='bbox 467 3945 589 3995; x_wconf 85' lang='lat' dir='ltr'><strong>ostendit.</strong></span> <span class='ocrx_word' id='word_1_398' title='bbox 623 3943 676 3995; x_wconf 79' lang='lat' dir='ltr'><strong>Sed</strong></span> <span class='ocrx_word' id='word_1_399' title='bbox 693 3952 721 3994; x_wconf 92' lang='lat' dir='ltr'><strong>et</strong></span> <span class='ocrx_word' id='word_1_400' title='bbox 736 3940 912 4018; x_wconf 70' lang='lat' dir='ltr'><strong>itaexbibent</strong></span> <span class='ocrx_word' id='word_1_401' title='bbox 931 3935 957 3985; x_wconf 89' lang='lat' dir='ltr'><strong>in</strong></span> <span class='ocrx_word' id='word_1_402' title='bbox 968 3937 1096 4012; x_wconf 32' lang='lat' dir='ltr'><strong>cie-erana</strong></span> <span class='ocrx_word' id='word_1_403' title='bbox 1134 3950 1158 4014; x_wconf 49' lang='grc' dir='ltr'><strong>ο.</strong></span> 
     </span>
     <span class='ocr_line' id='line_1_41' title="bbox 53 4000 1159 4071; baseline -0.011 -11"><span class='ocrx_word' id='word_1_404' title='bbox 53 4013 103 4061; x_wconf 73' lang='lat' dir='ltr'><strong>eit„</strong></span> <span class='ocrx_word' id='word_1_405' title='bbox 116 4010 143 4060; x_wconf 82' lang='lat' dir='ltr'><strong>J.</strong></span> <span class='ocrx_word' id='word_1_406' title='bbox 156 4009 190 4058; x_wconf 83' lang='lat' dir='ltr'><strong>G.</strong></span> <span class='ocrx_word' id='word_1_407' title='bbox 203 4009 332 4071; x_wconf 72' lang='lat' dir='ltr'><strong>Graevius,</strong></span> <span class='ocrx_word' id='word_1_408' title='bbox 349 4019 376 4061; x_wconf 89' lang='lat' dir='ltr'><strong>et</strong></span> <span class='ocrx_word' id='word_1_409' title='bbox 390 4011 449 4062; x_wconf 80' lang='lat' dir='ltr'><strong>lae.</strong></span> <span class='ocrx_word' id='word_1_410' title='bbox 468 4011 623 4060; x_wconf 83' lang='lat' dir='ltr'><strong>Gronovius.</strong></span> <span class='ocrx_word' id='word_1_411' title='bbox 658 4011 796 4060; x_wconf 77' lang='lat' dir='ltr'><strong>conmnt</strong></span> <span class='ocrx_word' id='word_1_412' title='bbox 811 4005 895 4054; x_wconf 83' lang='lat' dir='ltr'><strong>edtno</strong></span> <span class='ocrx_word' id='word_1_413' title='bbox 909 4000 1081 4060; x_wconf 70' lang='lat' dir='ltr'><strong>Amnem,</strong></span> <span class='ocrx_word' id='word_1_414' title='bbox 1098 4013 1159 4049; x_wconf 76' lang='lat' dir='ltr'><strong>anor</strong></span> 
     </span>
     <span class='ocr_line' id='line_1_42' title="bbox 55 4065 1158 4143; baseline -0.011 -18"><span class='ocrx_word' id='word_1_415' title='bbox 55 4079 130 4125; x_wconf 78' lang='lat' dir='ltr'><strong>loll.</strong></span> <span class='ocrx_word' id='word_1_416' title='bbox 146 4073 196 4122; x_wconf 88' lang='lat' dir='ltr'><strong>nisi</strong></span> <span class='ocrx_word' id='word_1_417' title='bbox 215 4073 284 4138; x_wconf 89' lang='lat' dir='ltr'><strong>quod</strong></span> <span class='ocrx_word' id='word_1_418' title='bbox 304 4075 343 4124; x_wconf 89' lang='lat' dir='ltr'><strong>bis</strong></span> <span class='ocrx_word' id='word_1_419' title='bbox 356 4076 476 4125; x_wconf 82' lang='lat' dir='ltr'><strong>Pireoeurn</strong></span> <span class='ocrx_word' id='word_1_420' title='bbox 490 4075 571 4139; x_wconf 72' lang='lat' dir='ltr'><strong>legit,</strong></span> <span class='ocrx_word' id='word_1_421' title='bbox 587 4075 664 4136; x_wconf 84' lang='lat' dir='ltr'><strong>vitio,</strong></span> <span class='ocrx_word' id='word_1_422' title='bbox 680 4081 712 4124; x_wconf 85' lang='lat' dir='ltr'><strong>nt</strong></span> <span class='ocrx_word' id='word_1_423' title='bbox 728 4070 840 4133; x_wconf 80' lang='lat' dir='ltr'><strong>videtur,</strong></span> <span class='ocrx_word' id='word_1_424' title='bbox 853 4081 1000 4131; x_wconf 75' lang='lat' dir='ltr'><strong>operarum.</strong></span> <span class='ocrx_word' id='word_1_425' title='bbox 1018 4065 1158 4143; x_wconf 39' lang='lat' dir='ltr'><strong>&#39;querum</strong></span> 
     </span>
     <span class='ocr_line' id='line_1_43' title="bbox 53 4127 1157 4204; baseline -0.008 -15"><span class='ocrx_word' id='word_1_426' title='bbox 53 4145 166 4204; x_wconf 74' lang='lat' dir='ltr'><strong>praestat</strong></span> <span class='ocrx_word' id='word_1_427' title='bbox 175 4138 274 4201; x_wconf 81' lang='lat' dir='ltr'><strong>legere,</strong></span> <span class='ocrx_word' id='word_1_428' title='bbox 283 4139 387 4201; x_wconf 72' lang='lat' dir='ltr'><strong>Piraeo,</strong></span> <span class='ocrx_word' id='word_1_429' title='bbox 398 4153 474 4204; x_wconf 87' lang='lat' dir='ltr'><strong>quam</strong></span> <span class='ocrx_word' id='word_1_430' title='bbox 485 4137 827 4201; x_wconf 59' lang='lat' dir='ltr'><strong>conclamanilam.</strong></span> <span class='ocrx_word' id='word_1_431' title='bbox 838 4164 840 4168; x_wconf 20' lang='grc' dir='ltr'><strong><em>Δ</em></strong></span> <span class='ocrx_word' id='word_1_432' title='bbox 860 4135 985 4185; x_wconf 79' lang='lat' dir='ltr'><strong>Fortasse</strong></span> <span class='ocrx_word' id='word_1_433' title='bbox 999 4127 1157 4195; x_wconf 70' lang='lat' dir='ltr'><strong>distinguen-</strong></span> 
     </span>
    </p>
   </div>
   <div class='ocr_carea' id='block_1_14' title="bbox 0 0 1344 4702">
    <p class='ocr_par' dir='ltr' id='par_1_14' title="bbox 0 0 1344 4702">
     <span class='ocr_line' id='line_1_44' title="bbox 0 0 1344 4702; baseline 0 6"><span class='ocrx_word' id='word_1_434' title='bbox 0 0 1344 4702; x_wconf 95' lang='lat' dir='ltr'><strong> </strong></span> 
     </span>
    </p>
   </div>
  </div>
 </body>
</html>
