2678 4702
453 344 501 391 on
525 343 664 392 nuruis
688 340 852 407 colticis.
1133 326 1198 392 211

96 494 189 544 erunt
203 483 305 544 omnia
329 482 432 543 eedem
456 503 524 563 quae
538 483 629 563 prius,
651 502 755 561 nempe
771 482 945 543 ditrochaei:
968 483 1048 544 unde
1069 487 1199 563 sequitur

96 582 263 641 ‚ambicum
276 589 477 640 tetrametrum
499 581 693 641 acatalectum
718 578 873 639 commode
897 580 1024 659 spectari
1043 599 1142 659 posse,
1166 589 1200 639 ut

96 675 297 755 :ompositum
310 696 347 735 ex
362 675 476 755 syllaba
489 695 542 736 seu
562 676 720 754 semipede,
744 676 837 734 tribus
852 674 1028 747 ditrocbaeis,
1044 687 1074 736 et
1087 677 1197 737 cretico

96 794 149 833 reu
167 771 304 850 dactylo,
317 791 383 829 cum
403 771 508 831 ultima
525 791 627 831 versus
651 770 764 853 syllaba
778 771 943 832 communis
958 772 1016 839 sitz
1038 782 1089 832 aut
1102 774 1127 832 si
1140 758 1199 853 pri·

96 889 178 928 nam
193 868 296 926 cretici
319 865 462 947 syllabam
486 867 517 926 in
541 867 616 927 duas
639 868 741 927 breves
763 866 906 940 resolvas,
926 867 1198 946 proceleusmatico.

96 965 134 1024 Ut
151 964 239 1024 scias
253 962 352 1042 igitur,
377 983 414 1022 an
438 962 526 1043 hujus
552 964 667 1043 generis
682 983 784 1023 versus
799 962 837 1023 sit
851 963 979 1023 numeris
994 963 1055 1025 suis
1075 965 1199 1045 integer,

96 1080 155 1119 ron
176 1079 255 1139 opus
270 1069 326 1130 est,
340 1069 374 1119 ut
388 1058 426 1117 ad
449 1059 540 1138 pedes
555 1058 705 1133 iambicos,
728 1079 781 1118 seu
805 1068 898 1118 metra
918 1080 955 1119 ex
976 1059 1011 1118 iis
1036 1062 1201 1140 composita

96 1155 278 1231 :onfugias3
300 1155 410 1234 rejecta
423 1155 461 1214 ab
472 1156 556 1215 initio
571 1156 686 1235 syllaba
699 1156 746 1216 vel
762 1154 922 1234 semipede,
932 1154 982 1234 qui
995 1159 1073 1234 srepe’
1084 1155 1199 1217 duabus

96 1261 222 1311 tonstat
236 1251 367 1330 syllabis,
392 1272 491 1330 quaere
514 1252 614 1325 modo,
640 1272 677 1312 an
701 1252 848 1332 supersint
871 1261 931 1312 tres
955 1251 1108 1312 ditrochaei
1131 1273 1200 1312 cum

96 1332 221 1418 :retica
236 1347 284 1404 rel
297 1347 373 1424 pede
384 1349 494 1406 cretico
508 1348 591 1427 pari:
614 1347 695 1426 q'uod
719 1348 743 1406 si
767 1348 884 1407 remita
907 1367 940 1407 se
960 1348 1069 1408 habere
1081 1367 1200 1428 compe-

96 1442 182 1507 reris,
197 1449 281 1498 certo
296 1439 353 1500 scis
368 1439 406 1499 ad
420 1462 536 1502 versum
560 1453 638 1502 recte
662 1441 903 1502 constituendum
927 1442 1000 1501 nibil
1018 1442 1199 1510 desiderari;

96 1537 254 1617 quantitas
271 1556 334 1610 sua,
349 1557 488 1609 numerus
498 1539 540 1598 illi
553 1558 625 1598 suus
639 1547 768 1598 constat.

135 1634 245 1711 Atque
258 1633 328 1692 binc
342 1633 435 1693 lector
449 1634 527 1694 clare
541 1634 651 1708 videat,
665 1645 808 1716 quantum
822 1637 851 1696 irr
871 1655 902 1696 re
921 1637 1043 1697 metrica
1055 1634 1201 1695 tradenda

96 1730 214 1788 lactum
229 1728 267 1786 sit
281 1727 486 1807 compendium
501 1730 619 1809 agendo
631 1732 757 1812 primum
772 1731 809 1791 de
823 1731 973 1792 trochaico
988 1750 1106 1810 genere,
1118 1740 1149 1792 et
1163 1751 1200 1790 ex

96 1825 147 1883 illo
162 1823 324 1883 iambicum
340 1823 527 1899 deducendo,
541 1836 748 1904 contraquam
762 1826 853 1906 vulgo
867 1827 919 1894 fit:
941 1846 1009 1886 oum
1030 1826 1088 1886 hoc
1101 1837 1199 1904 pacto,

96 1921 148 1999 qui
164 1938 261 1978 unum
274 1920 366 1992 novit,
381 1922 466 1980 ambo
482 1922 612 1989 noverit;
634 1922 748 1980 nullum
763 1922 817 1981 erit
831 1923 858 1982 ei
872 1923 1023 2000 negotium
1037 1942 1103 1982 cum
1117 1921 1201 2000 pedi·

96 2017 153 2076 bus
170 2014 318 2086 iambicis,
332 2015 403 2074 iisve
418 2016 527 2093 pedum
551 2017 812 2094 compositionibus
827 2037 879 2076 seu
900 2019 1011 2088 metris,
1024 2039 1092 2095 quae
1106 2036 1200 2094 genus

96 2111 262 2170 iambicum
285 2111 470 2170 constituunt
482 2131 491 2177 ;
521 2129 588 2187 quae
603 2119 634 2168 et
651 2108 724 2167 scire
738 2106 821 2166 labor
835 2118 891 2180 est,
915 2117 955 2180 et,
981 2110 1007 2167 si
1028 2109 1116 2181 scias,
1139 2130 1200 2169 uon

96 2218 203 2267 tamen
226 2206 326 2265 statim
351 2206 510 2285 intelligas,
532 2216 630 2265 utrum
651 2222 753 2262 versus
777 2203 872 2263 exiis
895 2203 1041 2264 conflatus
1067 2215 1146 2266 recte
1168 2228 1201 2267 sa

96 2303 224 2374 babeat,
236 2321 347 2362 necne:
369 2302 449 2380 quod
464 2300 602 2359 facillime
613 2298 806 2378 dignoscitur,
821 2300 856 2371 si,
869 2299 983 2379 syllaba
992 2301 1039 2359 vel
1053 2303 1200 2384 semipede

96 2398 136 2456 ab
153 2397 241 2457 initio
254 2396 374 2475 rejecto,
388 2398 418 2456 in
433 2393 613 2454 trochaicum
627 2393 798 2473 redegeris..
815 2393 913 2473 Atque
933 2393 972 2453 ad
986 2396 1106 2455 modum
1122 2396 1201 2458 bunc

96 2494 246 2553 iambicos
262 2501 446 2554 tetrametros
461 2491 491 2549 in
505 2490 561 2550 hac
578 2490 705 2550 editione
720 2491 828 2568 ubique
842 2491 872 2550 in
885 2490 983 2550 medio
997 2510 1084 2551 versu
1098 2492 1201 2553 distin-

97 2589 239 2669 guendos
254 2589 372 2655 curavi;
395 2587 539 2668 syllabam
553 2588 640 2646 etiam
655 2587 700 2646 vel
723 2585 902 2665 semipedem
923 2588 961 2646 ab
986 2586 1069 2647 initio
1089 2588 1119 2647 in
1138 2609 1201 2649 om·

98 2685 192 2744 uibus
207 2684 340 2744 iambicis
355 2683 470 2762 virgula
493 2684 617 2754 resecui,
642 2683 758 2761 quoties
777 2683 824 2743 vel
846 2682 996 2742 minimum
1019 2683 1200 2745 difficultatis

96 2780 200 2840 inerat
214 2780 254 2838 ad
276 2779 523 2858 dignoscendum,
545 2792 642 2838 utrum
656 2798 756 2850 unam,
777 2797 815 2837 au
833 2778 909 2838 duas
931 2780 1060 2859 syllabas
1076 2780 1201 2859 abjicere

99 2886 264 2958 oporteret.
307 2876 405 2955 Hujus>
427 2884 525 2935 antem
544 2875 658 2953 generis
673 2875 809 2955 exempla
832 2874 897 2935 haec
920 2874 997 2934 habe
1021 2896 1058 2935 ex
1072 2877 1147 2935 Eun.
1160 2873 1199 2936 rr.

102 2977 130 3034 3.
146 2977 199 3033 21.

96 3098 100 3103 ·
135 3083 228 3136 Hand‘
238 3085 328 3135 similis
337 3113 347 3124 ·
355 3085 424 3148 virg⁰
433 3091 473 3135 est
482 3098 515 3136 :
524 3085 660 3148 virgi-nuru
672 3085 846 3149 polistrarum-
859 3101 865 3130 z
881 3095 946 3146 quas
955 3080 1084 3133 maz-''tres
1096 3079 1203 3131 student

133 3166 289 3217 De‘mlssls-
298 3167 448 3218 humeris:
456 3180 513 3216 esse
520 3194 540 3228 ·‚
550 3166 639 3215 vincto
647 3166 658 3229 ΙΙ
667 3170 787 3228 pector⁶·,
799 3169 828 3210 ut
838 3161 974 3225 grsclzlae
985 3160 1061 3208 sient.

135 3245 221 3310 siqu·
232 3251 273 3295 est
283 3245 444 3296 lta-bition:
455 3247 531 3310 paulo
539 3275 559 3309 -,
577 3244 676 3308 pugilem
688 3258 744 3293 esse
755 3243 874 3308 uniunt-2
890 3240 1056 3292 deduzount
1066 3239 1167 3292 cibum:

134 3324 258 3376 Tamet'sl
270 3326 345 3375 bon⁸
355 3333 395 3376 est
405 3332 552 3388 naztura-,
562 3324 675 3374 reddunt
683 3325 693 3389 ΙΙ
701 3327 871 3373 cura-turs:
877 3322 993 3386 juncens.

104 3424 142 3481 Et
157 3443 214 3481 111.
231 3426 260 3480 5.
276 3424 324 3480 35.

136 3530 296 3588 Ad‘hortor·
306 3538 489 3597 properent:
498 3547 505 3580 ε
524 3532 571 3580 dum
580 3529 766 3594 appa-return,
778 3529 845 3591 virp⁰
855 3529 899 3598 in·
909 3529 1058 3581 concla:vl
1069 3528 1153 3591 sedet,

136 3612 323 3675 Su'spectans·
332 3613 484 3664 tabulam:
495 3610 639 3676 quandam·
650 3610 749 3674 picus:
768 3608 803 3657 ibi
818 3610 830 3672 ῃ
846 3609 930 3657 inerat
944 3635 955 3647 ·
970 3608 1070 3673 pictur⁸
1083 3619 1116 3658 :
1132 3609 1200 3668 baso,

137 3694 297 3837 Qddvgzto
312 3798 322 3808 ·
337 3771 578 3823 Dansoezmisiss‘
591 3799 601 3810 ·
616 3769 688 3820 aiunt
703 3768 715 3834 ΙΙ
728 3767 845 3834 quonum
862 3767 888 3817 irr
907 3794 918 3806 ·
935 3767 1046 3835 gramis·
1064 3765 1200 3815 imbue:

169 3866 288 3902 aureum.

110 3949 162 4008 llis
178 3948 327 4028 adjungas
343 3948 451 4008 Heaut.
468 3967 507 4007 11.
526 3938 597 4006 1.'1.

141 4061 224 4112 uuam
237 4057 325 4124 in'iqni
333 4063 413 4109 -sunt
422 4064 544 4123 paztres
554 4056 580 4104 in
588 4083 598 4095 ·
606 4067 695 4104 omnes
703 4054 714 4120 ll
722 4053 913 4104 adole-scentes
920 4029 1073 4113 :judicata

140 4138 189 4191 Qu¹
200 4138 291 4204 ιμ’
300 4152 374 4188 essc-
382 4143 488 4187 censent
495 4150 527 4187 :
536 4151 581 4186 nos
594 4151 625 4184 a·
635 4135 720 4198 pueris
728 4135 741 4199 ΙΙ
751 4134 833 4183 illi-co
844 4130 1050 4189 nescirentur
