<?xml version="1.0" encoding="UTF-8"?>
<!DOCTYPE html PUBLIC "-//W3C//DTD XHTML 1.0 Transitional//EN"
    "http://www.w3.org/TR/xhtml1/DTD/xhtml1-transitional.dtd">
<html xmlns="http://www.w3.org/1999/xhtml" xml:lang="en" lang="en">
 <head>
  <title>
</title>
<meta http-equiv="Content-Type" content="text/html;charset=utf-8" />
  <meta name='ocr-system' content='tesseract 3.04.00' />
  <meta name='ocr-capabilities' content='ocr_page ocr_carea ocr_par ocr_line ocrx_word'/>
</head>
<body>
  <div class='ocr_page' id='page_1' title='image "./comoedisex03westgoog_0470.png"; bbox 0 0 2678 4702; ppageno 0'>
   <div class='ocr_carea' id='block_1_1' title="bbox 449 307 1240 373">
    <p class='ocr_par' dir='ltr' id='par_1_1' title="bbox 449 307 1240 373">
     <span class='ocr_line' id='line_1_1' title="bbox 449 307 1240 373; baseline 0.005 -13"><span class='ocrx_word' id='word_1_1' title='bbox 449 312 621 364; x_wconf 74' lang='lat' dir='ltr'><strong>eunucu:</strong></span> <span class='ocrx_word' id='word_1_2' title='bbox 646 312 730 364; x_wconf 70' lang='lat' dir='ltr'><strong>AOTa</strong></span> <span class='ocrx_word' id='word_1_3' title='bbox 754 314 809 363; x_wconf 86' lang='lat'><strong>111.</strong></span> <span class='ocrx_word' id='word_1_4' title='bbox 832 316 887 367; x_wconf 83' lang='lat' dir='ltr'><strong>so.</strong></span> <span class='ocrx_word' id='word_1_5' title='bbox 910 318 933 364; x_wconf 90' lang='lat'><strong>1.</strong></span> <span class='ocrx_word' id='word_1_6' title='bbox 1167 307 1240 373; x_wconf 62' lang='grc'><strong>1149</strong></span> 
     </span>
    </p>
   </div>
   <div class='ocr_carea' id='block_1_2' title="bbox 132 448 1239 1247">
    <p class='ocr_par' dir='ltr' id='par_1_2' title="bbox 136 448 908 538">
     <span class='ocr_line' id='line_1_2' title="bbox 136 448 908 538; baseline 0.01 -21"><span class='ocrx_word' id='word_1_7' title='bbox 136 448 330 519; x_wconf 79' lang='lat' dir='ltr'><strong>Continuo:</strong></span> <span class='ocrx_word' id='word_1_8' title='bbox 345 453 512 538; x_wconf 80' lang='lat' dir='ltr'><strong>siquando</strong></span> <span class='ocrx_word' id='word_1_9' title='bbox 524 458 583 523; x_wconf 91' lang='lat' dir='ltr'><strong>illa</strong></span> <span class='ocrx_word' id='word_1_10' title='bbox 599 457 702 537; x_wconf 86' lang='lat' dir='ltr'><strong>dicat,</strong></span> <span class='ocrx_word' id='word_1_11' title='bbox 718 458 908 524; x_wconf 75' lang='lat' dir='ltr'><strong>Phaedriam</strong></span> 
     </span>
    </p>

    <p class='ocr_par' dir='ltr' id='par_1_3' title="bbox 136 552 986 644">
     <span class='ocr_line' id='line_1_3' title="bbox 136 552 986 644; baseline 0.012 -28"><span class='ocrx_word' id='word_1_12' title='bbox 136 552 405 620; x_wconf 80' lang='lat' dir='ltr'><strong>intromittamus</strong></span> <span class='ocrx_word' id='word_1_13' title='bbox 420 560 673 624; x_wconf 86' lang='lat' dir='ltr'><strong>commissatum</strong></span> <span class='ocrx_word' id='word_1_14' title='bbox 686 580 695 624; x_wconf 93' lang='lat'><strong>:</strong></span> <span class='ocrx_word' id='word_1_15' title='bbox 708 566 757 637; x_wconf 90' lang='lat' dir='ltr'><strong>tu,</strong></span> <span class='ocrx_word' id='word_1_16' title='bbox 774 559 986 644; x_wconf 83' lang='lat' dir='ltr'><strong>Pamphilam</strong></span> 
     </span>
    </p>

    <p class='ocr_par' dir='ltr' id='par_1_4' title="bbox 135 652 903 739">
     <span class='ocr_line' id='line_1_4' title="bbox 135 652 903 739; baseline 0.009 -21"><span class='ocrx_word' id='word_1_17' title='bbox 135 652 319 728; x_wconf 77' lang='lat' dir='ltr'><strong>Cantatum</strong></span> <span class='ocrx_word' id='word_1_18' title='bbox 333 677 565 739; x_wconf 83' lang='lat' dir='ltr'><strong>provocemus.</strong></span> <span class='ocrx_word' id='word_1_19' title='bbox 610 661 648 724; x_wconf 86' lang='lat' dir='ltr'><strong>Si</strong></span> <span class='ocrx_word' id='word_1_20' title='bbox 660 660 817 725; x_wconf 83' lang='lat' dir='ltr'>laudabit</span> <span class='ocrx_word' id='word_1_21' title='bbox 830 662 903 726; x_wconf 87' lang='lat' dir='ltr'><strong>haec</strong></span> 
     </span>
    </p>

    <p class='ocr_par' dir='ltr' id='par_1_5' title="bbox 134 752 913 846">
     <span class='ocr_line' id='line_1_5' title="bbox 134 752 913 846; baseline 0.009 -26"><span class='ocrx_word' id='word_1_22' title='bbox 134 755 237 820; x_wconf 89' lang='lat' dir='ltr'><strong>Illius</strong></span> <span class='ocrx_word' id='word_1_23' title='bbox 251 752 403 835; x_wconf 86' lang='lat' dir='ltr'><strong>formam,</strong></span> <span class='ocrx_word' id='word_1_24' title='bbox 417 765 456 822; x_wconf 93' lang='lat' dir='ltr'><strong>tu</strong></span> <span class='ocrx_word' id='word_1_25' title='bbox 470 759 572 843; x_wconf 88' lang='lat' dir='ltr'><strong>hujus</strong></span> <span class='ocrx_word' id='word_1_26' title='bbox 587 769 713 825; x_wconf 71' lang='lat' dir='ltr'><strong>conua-</strong></span> <span class='ocrx_word' id='word_1_27' title='bbox 757 762 913 846; x_wconf 84' lang='lat' dir='ltr'><strong>Denique</strong></span> 
     </span>
    </p>

    <p class='ocr_par' dir='ltr' id='par_1_6' title="bbox 132 855 1239 1247">
     <span class='ocr_line' id='line_1_6' title="bbox 134 855 1239 942; baseline 0.013 -23"><span class='ocrx_word' id='word_1_28' title='bbox 134 855 209 919; x_wconf 88' lang='lat' dir='ltr'><strong>Par</strong></span> <span class='ocrx_word' id='word_1_29' title='bbox 218 857 291 939; x_wconf 92' lang='lat' dir='ltr'><strong>pari</strong></span> <span class='ocrx_word' id='word_1_30' title='bbox 301 857 438 938; x_wconf 72' lang='lat' dir='ltr'><strong>referto:</strong></span> <span class='ocrx_word' id='word_1_31' title='bbox 453 861 545 942; x_wconf 91' lang='lat' dir='ltr'><strong>quod</strong></span> <span class='ocrx_word' id='word_1_32' title='bbox 558 880 632 926; x_wconf 88' lang='lat' dir='ltr'><strong>eam</strong></span> <span class='ocrx_word' id='word_1_33' title='bbox 645 861 804 926; x_wconf 85' lang='lat' dir='ltr'><strong>mordeat.</strong></span> <span class='ocrx_word' id='word_1_34' title='bbox 1195 868 1239 933; x_wconf 78' lang='lat'><strong>56</strong></span> 
     </span>
     <span class='ocr_line' id='line_1_7' title="bbox 133 955 1179 1046; baseline 0.014 -28"><span class='ocrx_word' id='word_1_35' title='bbox 133 955 207 1019; x_wconf 81' lang='grc' dir='ltr'><strong>ΤΗ.</strong></span> <span class='ocrx_word' id='word_1_36' title='bbox 229 956 405 1039; x_wconf 79' lang='lat' dir='ltr'><strong>Siquidem</strong></span> <span class='ocrx_word' id='word_1_37' title='bbox 420 980 473 1024; x_wconf 86' lang='lat' dir='ltr'><strong>ma</strong></span> <span class='ocrx_word' id='word_1_38' title='bbox 484 967 623 1038; x_wconf 88' lang='lat' dir='ltr'><strong>amaret,</strong></span> <span class='ocrx_word' id='word_1_39' title='bbox 639 968 709 1026; x_wconf 91' lang='lat' dir='ltr'><strong>tum</strong></span> <span class='ocrx_word' id='word_1_40' title='bbox 725 963 813 1027; x_wconf 89' lang='lat' dir='ltr'><strong>istuc</strong></span> <span class='ocrx_word' id='word_1_41' title='bbox 828 964 1018 1046; x_wconf 82' lang='lat' dir='ltr'>prodesset,</span> <span class='ocrx_word' id='word_1_42' title='bbox 1031 966 1179 1034; x_wconf 79' lang='lat' dir='ltr'><strong>Gnatho.</strong></span> 
     </span>
     <span class='ocr_line' id='line_1_8' title="bbox 133 1054 1214 1150; baseline 0.014 -30"><span class='ocrx_word' id='word_1_43' title='bbox 133 1054 209 1121; x_wconf 78' lang='lat' dir='ltr'><strong>GN.</strong></span> <span class='ocrx_word' id='word_1_44' title='bbox 233 1055 381 1136; x_wconf 83' lang='lat' dir='ltr'><strong>Quando</strong></span> <span class='ocrx_word' id='word_1_45' title='bbox 395 1061 492 1140; x_wconf 90' lang='lat' dir='ltr'><strong>iliud,</strong></span> <span class='ocrx_word' id='word_1_46' title='bbox 503 1063 595 1145; x_wconf 93' lang='lat' dir='ltr'><strong>quod</strong></span> <span class='ocrx_word' id='word_1_47' title='bbox 610 1069 645 1127; x_wconf 92' lang='lat' dir='ltr'><strong>tu</strong></span> <span class='ocrx_word' id='word_1_48' title='bbox 661 1058 732 1142; x_wconf 88' lang='lat' dir='ltr'><strong>das,</strong></span> <span class='ocrx_word' id='word_1_49' title='bbox 746 1071 915 1149; x_wconf 77' lang='lat' dir='ltr'>expectat,</span> <span class='ocrx_word' id='word_1_50' title='bbox 931 1072 1033 1150; x_wconf 84' lang='lat' dir='ltr'><strong>atqua</strong></span> <span class='ocrx_word' id='word_1_51' title='bbox 1049 1074 1156 1134; x_wconf 88' lang='lat' dir='ltr'><strong>amat:</strong></span> <span class='ocrx_word' id='word_1_52' title='bbox 1202 1077 1214 1125; x_wconf 72' lang='lat'><strong>&#39;-</strong></span> 
     </span>
     <span class='ocr_line' id='line_1_9' title="bbox 132 1155 965 1247; baseline 0.01 -26"><span class='ocrx_word' id='word_1_53' title='bbox 132 1156 158 1229; x_wconf 83' lang='lat' dir='ltr'>J</span> <span class='ocrx_word' id='word_1_54' title='bbox 159 1157 345 1224; x_wconf 88' lang='lat' dir='ltr'><strong>amdudum</strong></span> <span class='ocrx_word' id='word_1_55' title='bbox 358 1167 392 1227; x_wconf 86' lang='lat' dir='ltr'><strong>to</strong></span> <span class='ocrx_word' id='word_1_56' title='bbox 406 1170 507 1244; x_wconf 79' lang='lat' dir='ltr'><strong>amat,</strong></span> <span class='ocrx_word' id='word_1_57' title='bbox 520 1155 722 1247; x_wconf 87' lang='lat' dir='ltr'><strong>jamdudum</strong></span> <span class='ocrx_word' id='word_1_58' title='bbox 736 1164 787 1229; x_wconf 92' lang='lat' dir='ltr'><strong>illi</strong></span> <span class='ocrx_word' id='word_1_59' title='bbox 800 1157 901 1231; x_wconf 83' lang='lat' dir='ltr'><strong>facila</strong></span> <span class='ocrx_word' id='word_1_60' title='bbox 917 1166 965 1244; x_wconf 88' lang='lat' dir='ltr'><strong>fit,</strong></span> 
     </span>
    </p>
   </div>
   <div class='ocr_carea' id='block_1_3' title="bbox 129 1320 1235 1716">
    <p class='ocr_par' dir='ltr' id='par_1_7' title="bbox 129 1320 1235 1716">
     <span class='ocr_line' id='line_1_10' title="bbox 130 1320 1235 1398; baseline 0.013 -30"><span class='ocrx_word' id='word_1_61' title='bbox 130 1320 235 1398; x_wconf 75' lang='lat' dir='ltr'><strong>minabit</strong></span> <span class='ocrx_word' id='word_1_62' title='bbox 246 1323 390 1381; x_wconf 72' lang='lat' dir='ltr'><strong>Phaedriam,</strong></span> <span class='ocrx_word' id='word_1_63' title='bbox 401 1329 428 1374; x_wconf 82' lang='lat' dir='ltr'><strong>ta</strong></span> <span class='ocrx_word' id='word_1_64' title='bbox 438 1325 500 1375; x_wconf 74' lang='lat' dir='ltr'><strong>tuno</strong></span> <span class='ocrx_word' id='word_1_65' title='bbox 510 1327 605 1375; x_wconf 89' lang='lat' dir='ltr'><strong>nomina</strong></span> <span class='ocrx_word' id='word_1_66' title='bbox 613 1327 778 1390; x_wconf 73' lang='lat' dir='ltr'><strong>Pamphilam:</strong></span> <span class='ocrx_word' id='word_1_67' title='bbox 793 1328 907 1391; x_wconf 81' lang='lat' dir='ltr'><strong>siquando</strong></span> <span class='ocrx_word' id='word_1_68' title='bbox 918 1329 965 1378; x_wconf 85' lang='lat' dir='ltr'><strong>itia</strong></span> <span class='ocrx_word' id='word_1_69' title='bbox 975 1330 1051 1380; x_wconf 72' lang='lat' dir='ltr'><strong>diam:</strong></span> <span class='ocrx_word' id='word_1_70' title='bbox 1070 1332 1235 1382; x_wconf 82' lang='lat' dir='ltr'><strong>Comissatioai</strong></span> 
     </span>
     <span class='ocr_line' id='line_1_11' title="bbox 132 1385 1234 1456; baseline 0.013 -23"><span class='ocrx_word' id='word_1_71' title='bbox 132 1385 273 1434; x_wconf 69' lang='lat' dir='ltr'><strong>Phaedriam</strong></span> <span class='ocrx_word' id='word_1_72' title='bbox 287 1389 456 1448; x_wconf 71' lang='lat' dir='ltr'><strong>adhibeamus:</strong></span> <span class='ocrx_word' id='word_1_73' title='bbox 473 1394 500 1439; x_wconf 82' lang='lat' dir='ltr'><strong>tu</strong></span> <span class='ocrx_word' id='word_1_74' title='bbox 509 1391 548 1439; x_wconf 86' lang='lat' dir='ltr'><strong>dic</strong></span> <span class='ocrx_word' id='word_1_75' title='bbox 557 1391 678 1441; x_wconf 66' lang='lat' dir='ltr'><strong>amman:</strong></span> <span class='ocrx_word' id='word_1_76' title='bbox 693 1392 842 1456; x_wconf 76' lang='lat' dir='ltr'><strong>Pamphilam</strong></span> <span class='ocrx_word' id='word_1_77' title='bbox 851 1394 1013 1444; x_wconf 78' lang='lat' dir='ltr'><strong>incitannsad</strong></span> <span class='ocrx_word' id='word_1_78' title='bbox 1023 1398 1171 1445; x_wconf 81' lang='lat' dir='ltr'><strong>cantandum</strong></span> <span class='ocrx_word' id='word_1_79' title='bbox 1204 1396 1234 1447; x_wconf 76' lang='lat' dir='ltr'><strong>ue·</strong></span> 
     </span>
     <span class='ocr_line' id='line_1_12' title="bbox 131 1447 1234 1534; baseline 0.012 -38"><span class='ocrx_word' id='word_1_80' title='bbox 131 1447 184 1496; x_wconf 74' lang='lat' dir='ltr'><strong>noeo</strong></span> <span class='ocrx_word' id='word_1_81' title='bbox 194 1449 302 1500; x_wconf 76' lang='lat' dir='ltr'><strong>laudabit</strong></span> <span class='ocrx_word' id='word_1_82' title='bbox 312 1451 493 1512; x_wconf 75' lang='lat' dir='ltr'><strong>iltiussomnam</strong></span> <span class='ocrx_word' id='word_1_83' title='bbox 510 1459 538 1504; x_wconf 86' lang='lat' dir='ltr'><strong>ta</strong></span> <span class='ocrx_word' id='word_1_84' title='bbox 550 1456 620 1516; x_wconf 69' lang='lat' dir='ltr'><strong>tipus</strong></span> <span class='ocrx_word' id='word_1_85' title='bbox 629 1454 896 1521; x_wconf 72' lang='lat' dir='ltr'><strong>(Pamphile)soimam</strong></span> <span class='ocrx_word' id='word_1_86' title='bbox 906 1459 983 1507; x_wconf 71' lang='lat' dir='ltr'><strong>lurida.</strong></span> <span class='ocrx_word' id='word_1_87' title='bbox 1018 1459 1130 1534; x_wconf 74' lang='lat' dir='ltr'><strong>Tarpam</strong></span> <span class='ocrx_word' id='word_1_88' title='bbox 1140 1461 1234 1526; x_wconf 74' lang='lat' dir='ltr'><strong>referto,</strong></span> 
     </span>
     <span class='ocr_line' id='line_1_13' title="bbox 129 1514 1234 1587; baseline 0.012 -26"><span class='ocrx_word' id='word_1_89' title='bbox 129 1514 194 1587; x_wconf 69' lang='lat' dir='ltr'><strong>qaod</strong></span> <span class='ocrx_word' id='word_1_90' title='bbox 209 1528 287 1579; x_wconf 78' lang='lat' dir='ltr'><strong>:aner</strong></span> <span class='ocrx_word' id='word_1_91' title='bbox 329 1521 397 1579; x_wconf 79' lang='lat' dir='ltr'><strong>ngat.</strong></span> <span class='ocrx_word' id='word_1_92' title='bbox 429 1518 481 1567; x_wconf 74' lang='lat' dir='ltr'><strong>Tru.</strong></span> <span class='ocrx_word' id='word_1_93' title='bbox 497 1517 527 1566; x_wconf 82' lang='lat' dir='ltr'><strong>Si</strong></span> <span class='ocrx_word' id='word_1_94' title='bbox 538 1520 631 1583; x_wconf 80' lang='lat' dir='ltr'><strong>quidem</strong></span> <span class='ocrx_word' id='word_1_95' title='bbox 646 1534 683 1569; x_wconf 84' lang='lat' dir='ltr'><strong>me</strong></span> <span class='ocrx_word' id='word_1_96' title='bbox 702 1521 775 1569; x_wconf 86' lang='lat' dir='ltr'><strong>Titais</strong></span> <span class='ocrx_word' id='word_1_97' title='bbox 793 1526 892 1582; x_wconf 82' lang='lat' dir='ltr'><strong>amaret,</strong></span> <span class='ocrx_word' id='word_1_98' title='bbox 910 1526 961 1570; x_wconf 90' lang='lat' dir='ltr'><strong>tam</strong></span> <span class='ocrx_word' id='word_1_99' title='bbox 970 1524 1036 1572; x_wconf 83' lang='lat' dir='ltr'><strong>istud</strong></span> <span class='ocrx_word' id='word_1_100' title='bbox 1044 1525 1099 1573; x_wconf 82' lang='lat' dir='ltr'><strong>anu</strong></span> <span class='ocrx_word' id='word_1_101' title='bbox 1110 1530 1234 1574; x_wconf 81' lang='lat' dir='ltr'><strong>essetoon·</strong></span> 
     </span>
     <span class='ocr_line' id='line_1_14' title="bbox 130 1577 1232 1650; baseline 0.011 -25"><span class='ocrx_word' id='word_1_102' title='bbox 130 1577 221 1639; x_wconf 71' lang='lat' dir='ltr'><strong>seham</strong></span> <span class='ocrx_word' id='word_1_103' title='bbox 235 1578 301 1628; x_wconf 79' lang='lat' dir='ltr'><strong>Gnat</strong></span> <span class='ocrx_word' id='word_1_104' title='bbox 317 1595 339 1628; x_wconf 90' lang='lat' dir='ltr'><strong>o.</strong></span> <span class='ocrx_word' id='word_1_105' title='bbox 372 1581 427 1630; x_wconf 72' lang='lat' dir='ltr'><strong>Gru.</strong></span> <span class='ocrx_word' id='word_1_106' title='bbox 445 1583 545 1637; x_wconf 78' lang='lat' dir='ltr'><strong>Quando</strong></span> <span class='ocrx_word' id='word_1_107' title='bbox 556 1583 599 1631; x_wconf 81' lang='lat' dir='ltr'><strong>uu</strong></span> <span class='ocrx_word' id='word_1_108' title='bbox 608 1589 650 1632; x_wconf 85' lang='lat' dir='ltr'><strong>tna</strong></span> <span class='ocrx_word' id='word_1_109' title='bbox 660 1585 720 1632; x_wconf 88' lang='lat' dir='ltr'><strong>dona</strong></span> <span class='ocrx_word' id='word_1_110' title='bbox 729 1583 845 1633; x_wconf 61' lang='lat' dir='ltr'><strong>mittant</strong></span> <span class='ocrx_word' id='word_1_111' title='bbox 856 1591 925 1648; x_wconf 73' lang='lat' dir='ltr'><strong>atquae</strong></span> <span class='ocrx_word' id='word_1_112' title='bbox 938 1591 1012 1646; x_wconf 83' lang='lat' dir='ltr'><strong>amat,</strong></span> <span class='ocrx_word' id='word_1_113' title='bbox 1024 1586 1167 1647; x_wconf 77' lang='lat' dir='ltr'><strong>jamdudum</strong></span> <span class='ocrx_word' id='word_1_114' title='bbox 1177 1603 1232 1650; x_wconf 71' lang='lat' dir='ltr'><strong>que</strong></span> 
     </span>
     <span class='ocr_line' id='line_1_15' title="bbox 130 1644 1234 1716; baseline 0.013 -28"><span class='ocrx_word' id='word_1_115' title='bbox 130 1654 176 1716; x_wconf 75' lang='lat' dir='ltr'><strong>qne</strong></span> <span class='ocrx_word' id='word_1_116' title='bbox 187 1649 253 1691; x_wconf 78' lang='lat' dir='ltr'><strong>amat</strong></span> <span class='ocrx_word' id='word_1_117' title='bbox 269 1644 524 1709; x_wconf 64' lang='lat' dir='ltr'><strong>tqjanrdudnmsueite</strong></span> <span class='ocrx_word' id='word_1_118' title='bbox 534 1648 655 1707; x_wconf 69' lang='lat' dir='ltr'><strong>adjacere</strong></span> <span class='ocrx_word' id='word_1_119' title='bbox 665 1647 756 1711; x_wconf 71' lang='lat' dir='ltr'><strong>aliquid</strong></span> <span class='ocrx_word' id='word_1_120' title='bbox 764 1648 796 1712; x_wconf 86' lang='lat' dir='ltr'><strong>ei,</strong></span> <span class='ocrx_word' id='word_1_121' title='bbox 807 1658 837 1698; x_wconf 79' lang='lat' dir='ltr'><strong>aa</strong></span> <span class='ocrx_word' id='word_1_122' title='bbox 848 1664 892 1713; x_wconf 84' lang='lat' dir='ltr'><strong>quo</strong></span> <span class='ocrx_word' id='word_1_123' title='bbox 899 1650 1001 1699; x_wconf 79' lang='lat' dir='ltr'><strong>dotorem</strong></span> <span class='ocrx_word' id='word_1_124' title='bbox 1011 1651 1096 1714; x_wconf 86' lang='lat' dir='ltr'><strong>capiat.</strong></span> <span class='ocrx_word' id='word_1_125' title='bbox 1132 1651 1234 1702; x_wconf 75' lang='lat' dir='ltr'><strong>Timebit</strong></span> 
     </span>
    </p>
   </div>
   <div class='ocr_carea' id='block_1_4' title="bbox 591 1789 775 1812">
    <p class='ocr_par' dir='ltr' id='par_1_8' title="bbox 591 1789 775 1812">
     <span class='ocr_line' id='line_1_16' title="bbox 591 1789 775 1812; baseline 0 0"><span class='ocrx_word' id='word_1_126' title='bbox 591 1789 775 1812; x_wconf 60' lang='lat' dir='ltr'><strong>WMON</strong></span> 
     </span>
    </p>
   </div>
   <div class='ocr_carea' id='block_1_5' title="bbox 113 1881 1270 3420">
    <p class='ocr_par' dir='ltr' id='par_1_9' title="bbox 113 1881 1270 3420">
     <span class='ocr_line' id='line_1_17' title="bbox 130 1881 1231 1948; baseline 0.004 -17"><span class='ocrx_word' id='word_1_127' title='bbox 130 1881 274 1932; x_wconf 69' lang='lat' dir='ltr'><strong>nens-ao</strong></span> <span class='ocrx_word' id='word_1_128' title='bbox 290 1884 457 1936; x_wconf 84' lang='lat' dir='ltr'><strong>Nominaoerit</strong></span> <span class='ocrx_word' id='word_1_129' title='bbox 468 1885 582 1935; x_wconf 70' lang='lat' dir='ltr'><strong>tta-tn</strong></span> <span class='ocrx_word' id='word_1_130' title='bbox 593 1889 625 1935; x_wconf 81' lang='lat' dir='ltr'><strong>os</strong></span> <span class='ocrx_word' id='word_1_131' title='bbox 644 1887 804 1935; x_wconf 84' lang='lat' dir='ltr'><strong>Cornessatum</strong></span> <span class='ocrx_word' id='word_1_132' title='bbox 819 1885 865 1936; x_wconf 85' lang='lat' dir='ltr'><strong>int.</strong></span> <span class='ocrx_word' id='word_1_133' title='bbox 876 1888 1010 1948; x_wconf 74' lang='lat' dir='ltr'><strong>scripsisse</strong></span> <span class='ocrx_word' id='word_1_134' title='bbox 1028 1889 1178 1936; x_wconf 80' lang='lat' dir='ltr'><strong>Terentiam</strong></span> <span class='ocrx_word' id='word_1_135' title='bbox 1190 1900 1231 1935; x_wconf 85' lang='lat' dir='ltr'><strong>rs-</strong></span> 
     </span>
     <span class='ocr_line' id='line_1_18' title="bbox 131 1947 1231 2000; baseline 0.004 -6"><span class='ocrx_word' id='word_1_136' title='bbox 131 1948 167 1994; x_wconf 89' lang='lat' dir='ltr'><strong>tio</strong></span> <span class='ocrx_word' id='word_1_137' title='bbox 177 1947 279 1997; x_wconf 81' lang='lat' dir='ltr'><strong>indicat</strong></span> <span class='ocrx_word' id='word_1_138' title='bbox 295 1951 399 1999; x_wconf 86' lang='lat' dir='ltr'><strong>senarii.</strong></span> <span class='ocrx_word' id='word_1_139' title='bbox 416 1951 478 1998; x_wconf 87' lang='lat' dir='ltr'><strong>Goo.</strong></span> <span class='ocrx_word' id='word_1_140' title='bbox 502 1951 693 1999; x_wconf 84' lang='lat' dir='ltr'><strong>Commeseatam.</strong></span> <span class='ocrx_word' id='word_1_141' title='bbox 706 1952 740 2000; x_wconf 90' lang='lat' dir='ltr'><strong>V.</strong></span> <span class='ocrx_word' id='word_1_142' title='bbox 751 1957 779 1999; x_wconf 83' lang='lat' dir='ltr'><strong>et</strong></span> <span class='ocrx_word' id='word_1_143' title='bbox 791 1950 851 1998; x_wconf 84' lang='lat' dir='ltr'><strong>Bas.</strong></span> <span class='ocrx_word' id='word_1_144' title='bbox 868 1952 1026 1999; x_wconf 85' lang='lat' dir='ltr'><strong>commisatam</strong></span> <span class='ocrx_word' id='word_1_145' title='bbox 1044 1951 1138 2000; x_wconf 82' lang='lat' dir='ltr'><strong>trabat:</strong></span> <span class='ocrx_word' id='word_1_146' title='bbox 1156 1950 1231 1999; x_wconf 84' lang='lat' dir='ltr'><strong>item·</strong></span> 
     </span>
     <span class='ocr_line' id='line_1_19' title="bbox 131 2012 1231 2126; baseline 0.004 -66"><span class='ocrx_word' id='word_1_147' title='bbox 131 2025 182 2075; x_wconf 87' lang='lat' dir='ltr'><strong>que</strong></span> <span class='ocrx_word' id='word_1_148' title='bbox 194 2012 345 2076; x_wconf 88' lang='lat' dir='ltr'><strong>Bembians,</strong></span> <span class='ocrx_word' id='word_1_149' title='bbox 356 2013 403 2063; x_wconf 85' lang='lat' dir='ltr'><strong>sed</strong></span> <span class='ocrx_word' id='word_1_150' title='bbox 420 2015 442 2062; x_wconf 90' lang='lat' dir='ltr'><strong>is</strong></span> <span class='ocrx_word' id='word_1_151' title='bbox 448 2027 501 2126; x_wconf 56' lang='lat' dir='ltr'><strong>Xer</strong></span> <span class='ocrx_word' id='word_1_152' title='bbox 512 2013 563 2063; x_wconf 88' lang='lat' dir='ltr'><strong>duo</strong></span> <span class='ocrx_word' id='word_1_153' title='bbox 579 2029 599 2064; x_wconf 93' lang='lat' dir='ltr'><strong>s.</strong></span> <span class='ocrx_word' id='word_1_154' title='bbox 617 2016 662 2063; x_wconf 84' lang='lat' dir='ltr'><strong>Fa.</strong></span> <span class='ocrx_word' id='word_1_155' title='bbox 697 2015 733 2062; x_wconf 90' lang='lat' dir='ltr'><strong>Tu</strong></span> <span class='ocrx_word' id='word_1_156' title='bbox 743 2014 812 2063; x_wconf 86' lang='lat' dir='ltr'><strong>ultra</strong></span> <span class='ocrx_word' id='word_1_157' title='bbox 823 2020 933 2062; x_wconf 87' lang='lat' dir='ltr'><strong>metram</strong></span> <span class='ocrx_word' id='word_1_158' title='bbox 944 2015 1069 2063; x_wconf 85' lang='lat' dir='ltr'><strong>excurrit.</strong></span> <span class='ocrx_word' id='word_1_159' title='bbox 1104 2012 1154 2062; x_wconf 85' lang='lat' dir='ltr'><strong>Cui</strong></span> <span class='ocrx_word' id='word_1_160' title='bbox 1166 2014 1231 2064; x_wconf 86' lang='lat' dir='ltr'><strong>vitio</strong></span> 
     </span>
     <span class='ocr_line' id='line_1_20' title="bbox 130 2076 1231 2142; baseline 0.004 -19"><span class='ocrx_word' id='word_1_161' title='bbox 130 2083 158 2124; x_wconf 90' lang='lat' dir='ltr'><strong>at</strong></span> <span class='ocrx_word' id='word_1_162' title='bbox 168 2082 331 2140; x_wconf 75' lang='lat' dir='ltr'><strong>occurratur,</strong></span> <span class='ocrx_word' id='word_1_163' title='bbox 349 2078 389 2126; x_wconf 83' lang='lat' dir='ltr'><strong>vir</strong></span> <span class='ocrx_word' id='word_1_164' title='bbox 400 2090 445 2126; x_wconf 88' lang='lat' dir='ltr'><strong>era</strong></span> <span class='ocrx_word' id='word_1_165' title='bbox 467 2078 519 2127; x_wconf 90' lang='lat' dir='ltr'><strong>itas</strong></span> <span class='ocrx_word' id='word_1_166' title='bbox 537 2079 671 2141; x_wconf 83' lang='lat' dir='ltr'><strong>poetelius</strong></span> <span class='ocrx_word' id='word_1_167' title='bbox 683 2078 714 2127; x_wconf 83' lang='lat' dir='ltr'><strong>ln</strong></span> <span class='ocrx_word' id='word_1_168' title='bbox 730 2076 889 2141; x_wconf 85' lang='lat' dir='ltr'><strong>praecedenti</strong></span> <span class='ocrx_word' id='word_1_169' title='bbox 901 2079 985 2126; x_wconf 82' lang='lat' dir='ltr'><strong>versui</strong></span> <span class='ocrx_word' id='word_1_170' title='bbox 1002 2077 1124 2142; x_wconf 74' lang='lat' dir='ltr'><strong>apponit:</strong></span> <span class='ocrx_word' id='word_1_171' title='bbox 1144 2083 1173 2126; x_wconf 89' lang='lat' dir='ltr'><strong>nt</strong></span> <span class='ocrx_word' id='word_1_172' title='bbox 1192 2076 1231 2127; x_wconf 84' lang='lat' dir='ltr'><strong>sic</strong></span> 
     </span>
     <span class='ocr_line' id='line_1_21' title="bbox 128 2138 1230 2204; baseline 0.003 -17"><span class='ocrx_word' id='word_1_173' title='bbox 128 2138 244 2204; x_wconf 74' lang='lat' dir='ltr'><strong>legatur,</strong></span> <span class='ocrx_word' id='word_1_174' title='bbox 254 2141 393 2190; x_wconf 71' lang='lat' dir='ltr'><strong>Phaedriam</strong></span> <span class='ocrx_word' id='word_1_175' title='bbox 401 2143 610 2191; x_wconf 60' lang='lat' dir='ltr'><strong>immittamus</strong></span> <span class='ocrx_word' id='word_1_176' title='bbox 619 2145 805 2192; x_wconf 80' lang='lat' dir='ltr'><strong>commissatum:</strong></span> <span class='ocrx_word' id='word_1_177' title='bbox 821 2146 850 2189; x_wconf 85' lang='lat' dir='ltr'><strong>tn</strong></span> <span class='ocrx_word' id='word_1_178' title='bbox 862 2142 1020 2204; x_wconf 79' lang='lat' dir='ltr'><strong>Pdmptrilam.</strong></span> <span class='ocrx_word' id='word_1_179' title='bbox 1054 2142 1148 2190; x_wconf 86' lang='lat' dir='ltr'><strong>Nonne</strong></span> <span class='ocrx_word' id='word_1_180' title='bbox 1159 2141 1230 2191; x_wconf 83' lang='lat' dir='ltr'><strong>belle</strong></span> 
     </span>
     <span class='ocr_line' id='line_1_22' title="bbox 127 2203 1232 2270; baseline 0.003 -18"><span class='ocrx_word' id='word_1_181' title='bbox 127 2205 229 2253; x_wconf 87' lang='lat' dir='ltr'><strong>cadant</strong></span> <span class='ocrx_word' id='word_1_182' title='bbox 240 2208 380 2254; x_wconf 81' lang='lat' dir='ltr'><strong>accentus?</strong></span> <span class='ocrx_word' id='word_1_183' title='bbox 402 2207 500 2258; x_wconf 83' lang='lat' dir='ltr'><strong>Quanti</strong></span> <span class='ocrx_word' id='word_1_184' title='bbox 510 2214 559 2268; x_wconf 84' lang='lat' dir='ltr'><strong>est,</strong></span> <span class='ocrx_word' id='word_1_185' title='bbox 578 2222 612 2255; x_wconf 84' lang='lat' dir='ltr'><strong>ex</strong></span> <span class='ocrx_word' id='word_1_186' title='bbox 624 2205 728 2256; x_wconf 75' lang='lat' dir='ltr'><strong>Horatii</strong></span> <span class='ocrx_word' id='word_1_187' title='bbox 740 2210 873 2270; x_wconf 77' lang='lat' dir='ltr'><strong>praeopto</strong></span> <span class='ocrx_word' id='word_1_188' title='bbox 884 2219 934 2253; x_wconf 93' lang='lat' dir='ltr'><strong>non</strong></span> <span class='ocrx_word' id='word_1_189' title='bbox 947 2206 1036 2267; x_wconf 76' lang='lat' dir='ltr'><strong>digitis</strong></span> <span class='ocrx_word' id='word_1_190' title='bbox 1047 2203 1133 2266; x_wconf 85' lang='lat' dir='ltr'><strong>modo,</strong></span> <span class='ocrx_word' id='word_1_191' title='bbox 1145 2206 1190 2254; x_wconf 88' lang='lat' dir='ltr'><strong>sed</strong></span> <span class='ocrx_word' id='word_1_192' title='bbox 1203 2210 1232 2255; x_wconf 84' lang='lat' dir='ltr'><strong>et</strong></span> 
     </span>
     <span class='ocr_line' id='line_1_23' title="bbox 127 2267 1231 2333; baseline 0 -17"><span class='ocrx_word' id='word_1_193' title='bbox 127 2280 194 2316; x_wconf 81' lang='lat' dir='ltr'><strong>enee</strong></span> <span class='ocrx_word' id='word_1_194' title='bbox 205 2267 349 2330; x_wconf 80' lang='lat' dir='ltr'><strong>legitimum</strong></span> <span class='ocrx_word' id='word_1_195' title='bbox 367 2285 457 2319; x_wconf 87' lang='lat' dir='ltr'><strong>sonum</strong></span> <span class='ocrx_word' id='word_1_196' title='bbox 469 2270 582 2320; x_wconf 87' lang='lat' dir='ltr'><strong>callere?</strong></span> <span class='ocrx_word' id='word_1_197' title='bbox 599 2271 692 2321; x_wconf 87' lang='lat' dir='ltr'><strong>Nostri</strong></span> <span class='ocrx_word' id='word_1_198' title='bbox 703 2269 758 2319; x_wconf 85' lang='lat' dir='ltr'><strong>fere</strong></span> <span class='ocrx_word' id='word_1_199' title='bbox 770 2284 933 2331; x_wconf 64' lang='lat' dir='ltr'><strong>omneqoam</strong></span> <span class='ocrx_word' id='word_1_200' title='bbox 950 2269 1018 2318; x_wconf 85' lang='lat' dir='ltr'><strong>Edd.</strong></span> <span class='ocrx_word' id='word_1_201' title='bbox 1036 2276 1102 2318; x_wconf 86' lang='lat' dir='ltr'><strong>vett.</strong></span> <span class='ocrx_word' id='word_1_202' title='bbox 1122 2283 1174 2318; x_wconf 93' lang='lat' dir='ltr'><strong>non</strong></span> <span class='ocrx_word' id='word_1_203' title='bbox 1186 2284 1231 2333; x_wconf 82' lang='lat' dir='ltr'><strong>ag·</strong></span> 
     </span>
     <span class='ocr_line' id='line_1_24' title="bbox 124 2332 1232 2398; baseline 0.001 -17"><span class='ocrx_word' id='word_1_204' title='bbox 124 2340 245 2381; x_wconf 88' lang='lat' dir='ltr'><strong>noscunt</strong></span> <span class='ocrx_word' id='word_1_205' title='bbox 256 2332 318 2381; x_wconf 92' lang='lat' dir='ltr'><strong>illud</strong></span> <span class='ocrx_word' id='word_1_206' title='bbox 330 2338 366 2383; x_wconf 87' lang='lat' dir='ltr'><strong>tn.</strong></span> <span class='ocrx_word' id='word_1_207' title='bbox 400 2336 492 2383; x_wconf 86' lang='lat' dir='ltr'><strong>Recte.</strong></span> <span class='ocrx_word' id='word_1_208' title='bbox 525 2335 569 2383; x_wconf 88' lang='lat' dir='ltr'><strong>Sic</strong></span> <span class='ocrx_word' id='word_1_209' title='bbox 587 2349 649 2398; x_wconf 84' lang='lat' dir='ltr'><strong>ergo</strong></span> <span class='ocrx_word' id='word_1_210' title='bbox 667 2337 737 2384; x_wconf 87' lang='lat' dir='ltr'><strong>lacus</strong></span> <span class='ocrx_word' id='word_1_211' title='bbox 755 2332 854 2383; x_wconf 87' lang='lat' dir='ltr'><strong>consti&#39;</strong></span> <span class='ocrx_word' id='word_1_212' title='bbox 923 2347 950 2381; x_wconf 82' lang='lat' dir='ltr'><strong>us</strong></span> <span class='ocrx_word' id='word_1_213' title='bbox 968 2338 1016 2392; x_wconf 84' lang='lat' dir='ltr'><strong>est,</strong></span> <span class='ocrx_word' id='word_1_214' title='bbox 1026 2333 1131 2380; x_wconf 87' lang='lat' dir='ltr'><strong>minima</strong></span> <span class='ocrx_word' id='word_1_215' title='bbox 1146 2341 1232 2382; x_wconf 87' lang='lat' dir='ltr'><strong>muta·</strong></span> 
     </span>
     <span class='ocr_line' id='line_1_25' title="bbox 124 2396 1230 2461; baseline -0.001 -16"><span class='ocrx_word' id='word_1_216' title='bbox 124 2396 222 2446; x_wconf 85' lang='lat' dir='ltr'><strong>tione:</strong></span> <span class='ocrx_word' id='word_1_217' title='bbox 240 2398 403 2446; x_wconf 79' lang='lat' dir='ltr'><strong>comissatum:</strong></span> <span class='ocrx_word' id='word_1_218' title='bbox 422 2398 570 2461; x_wconf 71' lang='lat' dir='ltr'><strong>Pamphilam</strong></span> <span class='ocrx_word' id='word_1_219' title='bbox 582 2401 792 2461; x_wconf 83' lang='lat' dir='ltr'><strong>Cantam,tn‚pro</strong></span> <span class='ocrx_word' id='word_1_220' title='bbox 832 2398 836 2405; x_wconf 91' lang='lat'>&#39;</span> <span class='ocrx_word' id='word_1_221' title='bbox 925 2396 1090 2458; x_wconf 74' lang='lat' dir='ltr'><strong>comissatum,</strong></span> <span class='ocrx_word' id='word_1_222' title='bbox 1101 2410 1152 2445; x_wconf 91' lang='lat' dir='ltr'><strong>non</strong></span> <span class='ocrx_word' id='word_1_223' title='bbox 1169 2411 1230 2444; x_wconf 84' lang='lat' dir='ltr'><strong>eom·</strong></span> 
     </span>
     <span class='ocr_line' id='line_1_26' title="bbox 121 2459 1229 2524; baseline 0.001 -16"><span class='ocrx_word' id='word_1_224' title='bbox 121 2460 262 2509; x_wconf 63' lang='lat' dir='ltr'><strong>mmmm.</strong></span> <span class='ocrx_word' id='word_1_225' title='bbox 295 2459 373 2524; x_wconf 84' lang='lat' dir='ltr'><strong>Apud</strong></span> <span class='ocrx_word' id='word_1_226' title='bbox 386 2462 442 2511; x_wconf 87' lang='lat' dir='ltr'><strong>Cic.</strong></span> <span class='ocrx_word' id='word_1_227' title='bbox 460 2461 510 2524; x_wconf 86' lang='lat' dir='ltr'><strong>Ep.</strong></span> <span class='ocrx_word' id='word_1_228' title='bbox 531 2463 603 2511; x_wconf 86' lang='lat' dir='ltr'><strong>Fam.</strong></span> <span class='ocrx_word' id='word_1_229' title='bbox 613 2477 632 2512; x_wconf 89' lang='lat' dir='ltr'><strong>r.</strong></span> <span class='ocrx_word' id='word_1_230' title='bbox 643 2467 667 2512; x_wconf 87' lang='grc'><strong>9.</strong></span> <span class='ocrx_word' id='word_1_231' title='bbox 685 2462 709 2510; x_wconf 89' lang='lat' dir='ltr'><strong>iri</strong></span> <span class='ocrx_word' id='word_1_232' title='bbox 721 2475 767 2510; x_wconf 80' lang='lat' dir='ltr'><strong>sex</strong></span> <span class='ocrx_word' id='word_1_233' title='bbox 784 2466 875 2509; x_wconf 81' lang='lat' dir='ltr'><strong>versas</strong></span> <span class='ocrx_word' id='word_1_234' title='bbox 886 2459 1059 2522; x_wconf 81' lang='lat' dir='ltr'><strong>adducantur,</strong></span> <span class='ocrx_word' id='word_1_235' title='bbox 1069 2459 1114 2508; x_wconf 88' lang='lat' dir='ltr'><strong>ubi</strong></span> <span class='ocrx_word' id='word_1_236' title='bbox 1129 2459 1229 2509; x_wconf 87' lang='lat' dir='ltr'><strong>editum</strong></span> 
     </span>
     <span class='ocr_line' id='line_1_27' title="bbox 119 2523 1230 2588; baseline 0.002 -16"><span class='ocrx_word' id='word_1_237' title='bbox 119 2531 178 2587; x_wconf 80' lang='lat' dir='ltr'><strong>est,</strong></span> <span class='ocrx_word' id='word_1_238' title='bbox 195 2524 232 2572; x_wconf 80' lang='lat' dir='ltr'><strong>Te</strong></span> <span class='ocrx_word' id='word_1_239' title='bbox 241 2524 393 2587; x_wconf 71' lang='lat' dir='ltr'><strong>Pamphilam</strong></span> <span class='ocrx_word' id='word_1_240' title='bbox 401 2527 528 2574; x_wconf 86' lang='lat' dir='ltr'><strong>Cantatum</strong></span> <span class='ocrx_word' id='word_1_241' title='bbox 536 2540 693 2588; x_wconf 84' lang='lat' dir='ltr'><strong>provocemus.</strong></span> <span class='ocrx_word' id='word_1_242' title='bbox 711 2526 861 2585; x_wconf 82' lang='lat' dir='ltr'><strong>Excutiam,</strong></span> <span class='ocrx_word' id='word_1_243' title='bbox 872 2523 964 2587; x_wconf 88' lang='lat' dir='ltr'><strong>quibus</strong></span> <span class='ocrx_word' id='word_1_244' title='bbox 976 2523 1051 2587; x_wconf 86' lang='lat' dir='ltr'><strong>copia</strong></span> <span class='ocrx_word' id='word_1_245' title='bbox 1068 2529 1117 2583; x_wconf 84' lang='lat' dir='ltr'><strong>est,</strong></span> <span class='ocrx_word' id='word_1_246' title='bbox 1128 2530 1230 2574; x_wconf 80' lang='lat' dir='ltr'><strong>veteres</strong></span> 
     </span>
     <span class='ocr_line' id='line_1_28' title="bbox 118 2586 1230 2652; baseline -0.001 -16"><span class='ocrx_word' id='word_1_247' title='bbox 118 2587 161 2638; x_wconf 90' lang='lat' dir='ltr'><strong>ibi</strong></span> <span class='ocrx_word' id='word_1_248' title='bbox 182 2586 298 2636; x_wconf 86' lang='lat' dir='ltr'><strong>codices.</strong></span> <span class='ocrx_word' id='word_1_249' title='bbox 314 2590 387 2638; x_wconf 86' lang='lat' dir='ltr'><strong>Bent.</strong></span> <span class='ocrx_word' id='word_1_250' title='bbox 400 2589 590 2652; x_wconf 81' lang='lat' dir='ltr'><strong>Commissatum]</strong></span> <span class='ocrx_word' id='word_1_251' title='bbox 608 2589 690 2652; x_wconf 82' lang='lat' dir='ltr'><strong>Origo</strong></span> <span class='ocrx_word' id='word_1_252' title='bbox 702 2596 731 2638; x_wconf 90' lang='lat' dir='ltr'><strong>et</strong></span> <span class='ocrx_word' id='word_1_253' title='bbox 741 2587 870 2637; x_wconf 84' lang='lat' dir='ltr'><strong>scribendi</strong></span> <span class='ocrx_word' id='word_1_254' title='bbox 881 2587 947 2635; x_wconf 89' lang='lat' dir='ltr'><strong>ratio</strong></span> <span class='ocrx_word' id='word_1_255' title='bbox 959 2587 1039 2648; x_wconf 82' lang='lat' dir='ltr'><strong>varia,</strong></span> <span class='ocrx_word' id='word_1_256' title='bbox 1050 2601 1125 2649; x_wconf 89' lang='lat' dir='ltr'><strong>quam</strong></span> <span class='ocrx_word' id='word_1_257' title='bbox 1133 2586 1230 2651; x_wconf 85' lang='lat' dir='ltr'><strong>disqui-</strong></span> 
     </span>
     <span class='ocr_line' id='line_1_29' title="bbox 118 2644 1270 2715; baseline 0.001 -15"><span class='ocrx_word' id='word_1_258' title='bbox 118 2655 157 2702; x_wconf 87' lang='lat' dir='ltr'><strong>rit</strong></span> <span class='ocrx_word' id='word_1_259' title='bbox 170 2652 282 2700; x_wconf 86' lang='lat' dir='ltr'><strong>Vossius</strong></span> <span class='ocrx_word' id='word_1_260' title='bbox 294 2653 318 2699; x_wconf 92' lang='lat' dir='ltr'><strong>in</strong></span> <span class='ocrx_word' id='word_1_261' title='bbox 335 2653 481 2715; x_wconf 77' lang='lat' dir='ltr'><strong>Etymoiog.</strong></span> <span class='ocrx_word' id='word_1_262' title='bbox 496 2653 569 2700; x_wconf 86' lang='lat' dir='ltr'><strong>West.</strong></span> <span class='ocrx_word' id='word_1_263' title='bbox 597 2649 663 2701; x_wconf 81' lang='lat' dir='ltr'><strong>Com.</strong></span> <span class='ocrx_word' id='word_1_264' title='bbox 674 2651 799 2701; x_wconf 83' lang='lat' dir='ltr'><strong>formatur</strong></span> <span class='ocrx_word' id='word_1_265' title='bbox 809 2666 824 2700; x_wconf 86' lang='lat' dir='ltr'><strong>a</strong></span> <span class='ocrx_word' id='word_1_266' title='bbox 834 2644 957 2714; x_wconf 56' lang='lat' dir='ltr'><strong>nordica,</strong></span> <span class='ocrx_word' id='word_1_267' title='bbox 969 2659 998 2700; x_wconf 86' lang='lat' dir='ltr'><strong>et</strong></span> <span class='ocrx_word' id='word_1_268' title='bbox 1009 2651 1106 2700; x_wconf 88' lang='lat' dir='ltr'><strong>rectius</strong></span> <span class='ocrx_word' id='word_1_269' title='bbox 1117 2654 1230 2715; x_wconf 84' lang='lat' dir='ltr'><strong>persim·</strong></span> <span class='ocrx_word' id='word_1_270' title='bbox 1267 2658 1270 2662; x_wconf 85' lang='lat'>&#39;</span> 
     </span>
     <span class='ocr_line' id='line_1_30' title="bbox 115 2714 1229 2779; baseline -0.001 -14"><span class='ocrx_word' id='word_1_271' title='bbox 115 2718 191 2779; x_wconf 88' lang='lat' dir='ltr'><strong>piex</strong></span> <span class='ocrx_word' id='word_1_272' title='bbox 204 2715 417 2765; x_wconf 70' lang='lat' dir='ltr'><strong>auctionante.</strong></span> <span class='ocrx_word' id='word_1_273' title='bbox 437 2717 472 2764; x_wconf 89' lang='lat' dir='ltr'><strong>D.</strong></span> <span class='ocrx_word' id='word_1_274' title='bbox 490 2715 574 2764; x_wconf 82' lang='lat' dir='ltr'><strong>Abest</strong></span> <span class='ocrx_word' id='word_1_275' title='bbox 585 2721 611 2764; x_wconf 88' lang='lat' dir='ltr'><strong>tn</strong></span> <span class='ocrx_word' id='word_1_276' title='bbox 623 2730 640 2764; x_wconf 64' lang='lat' dir='ltr'><strong>a&gt;</strong></span> <span class='ocrx_word' id='word_1_277' title='bbox 650 2716 679 2764; x_wconf 84' lang='lat' dir='ltr'><strong>C.</strong></span> <span class='ocrx_word' id='word_1_278' title='bbox 692 2717 765 2764; x_wconf 74' lang='lat' dir='ltr'><strong>Botis.</strong></span> <span class='ocrx_word' id='word_1_279' title='bbox 782 2717 838 2763; x_wconf 86' lang='lat' dir='ltr'><strong>Eta</strong></span> <span class='ocrx_word' id='word_1_280' title='bbox 851 2717 949 2779; x_wconf 74' lang='lat' dir='ltr'><strong>linqui</strong></span> <span class='ocrx_word' id='word_1_281' title='bbox 961 2730 1018 2764; x_wconf 89' lang='lat' dir='ltr'><strong>cum</strong></span> <span class='ocrx_word' id='word_1_282' title='bbox 1032 2714 1120 2764; x_wconf 86' lang='lat' dir='ltr'><strong>Guelf.</strong></span> <span class='ocrx_word' id='word_1_283' title='bbox 1133 2720 1157 2765; x_wconf 77' lang='grc'><strong>3.</strong></span> <span class='ocrx_word' id='word_1_284' title='bbox 1168 2731 1229 2764; x_wconf 85' lang='lat' dir='ltr'><strong>com·</strong></span> 
     </span>
     <span class='ocr_line' id='line_1_31' title="bbox 116 2779 1229 2841; baseline -0.001 -12"><span class='ocrx_word' id='word_1_285' title='bbox 116 2783 236 2829; x_wconf 71' lang='lat' dir='ltr'><strong>assatum</strong></span> <span class='ocrx_word' id='word_1_286' title='bbox 251 2779 342 2841; x_wconf 87' lang='lat' dir='ltr'><strong>habet,</strong></span> <span class='ocrx_word' id='word_1_287' title='bbox 354 2787 381 2829; x_wconf 89' lang='lat' dir='ltr'><strong>et</strong></span> <span class='ocrx_word' id='word_1_288' title='bbox 393 2781 460 2828; x_wconf 88' lang='lat' dir='ltr'><strong>solas</strong></span> <span class='ocrx_word' id='word_1_289' title='bbox 472 2780 635 2828; x_wconf 81' lang='lat' dir='ltr'><strong>intromittam</strong></span> <span class='ocrx_word' id='word_1_290' title='bbox 646 2779 760 2828; x_wconf 87' lang='lat' dir='ltr'><strong>exiribet.</strong></span> <span class='ocrx_word' id='word_1_291' title='bbox 780 2779 936 2826; x_wconf 79' lang='lat' dir='ltr'><strong>Carnissatnm</strong></span> <span class='ocrx_word' id='word_1_292' title='bbox 954 2780 999 2827; x_wconf 88' lang='lat' dir='ltr'><strong>int.</strong></span> <span class='ocrx_word' id='word_1_293' title='bbox 1019 2780 1063 2826; x_wconf 85' lang='lat' dir='ltr'><strong>dat</strong></span> <span class='ocrx_word' id='word_1_294' title='bbox 1080 2780 1121 2827; x_wconf 89' lang='lat' dir='ltr'><strong>ed.</strong></span> <span class='ocrx_word' id='word_1_295' title='bbox 1132 2779 1229 2841; x_wconf 87' lang='lat' dir='ltr'><strong>Delpir.</strong></span> 
     </span>
     <span class='ocr_line' id='line_1_32' title="bbox 117 2842 1228 2904; baseline -0.003 -10"><span class='ocrx_word' id='word_1_296' title='bbox 117 2846 187 2895; x_wconf 83' lang='lat' dir='ltr'><strong>Dat</strong></span> <span class='ocrx_word' id='word_1_297' title='bbox 202 2843 314 2892; x_wconf 88' lang='lat' dir='ltr'><strong>Bothius</strong></span> <span class='ocrx_word' id='word_1_298' title='bbox 332 2843 536 2893; x_wconf 80' lang='lat' dir='ltr'><strong>intromittamus:</strong></span> <span class='ocrx_word' id='word_1_299' title='bbox 552 2844 624 2892; x_wconf 82' lang='lat' dir='ltr'><strong>comis</strong></span> <span class='ocrx_word' id='word_1_300' title='bbox 634 2845 686 2899; x_wconf 86' lang='lat' dir='ltr'><strong>est;</strong></span> <span class='ocrx_word' id='word_1_301' title='bbox 707 2846 742 2902; x_wconf 85' lang='lat' dir='ltr'><strong>tn,</strong></span> <span class='ocrx_word' id='word_1_302' title='bbox 759 2845 863 2904; x_wconf 66' lang='lat' dir='ltr'><strong>tra—titi</strong></span> <span class='ocrx_word' id='word_1_303' title='bbox 880 2842 1001 2890; x_wconf 86' lang='lat' dir='ltr'><strong>Sanctius</strong></span> <span class='ocrx_word' id='word_1_304' title='bbox 1012 2842 1039 2889; x_wconf 92' lang='lat' dir='ltr'><strong>in</strong></span> <span class='ocrx_word' id='word_1_305' title='bbox 1056 2842 1176 2890; x_wconf 86' lang='lat' dir='ltr'><strong>Minerva</strong></span> <span class='ocrx_word' id='word_1_306' title='bbox 1189 2854 1228 2891; x_wconf 80' lang='grc' dir='ltr'><strong>ιν.</strong></span> 
     </span>
     <span class='ocr_line' id='line_1_33' title="bbox 115 2905 1229 2971; baseline -0.002 -13"><span class='ocrx_word' id='word_1_307' title='bbox 115 2914 147 2958; x_wconf 91' lang='grc'><strong>6.</strong></span> <span class='ocrx_word' id='word_1_308' title='bbox 170 2921 239 2970; x_wconf 78' lang='lat' dir='ltr'><strong>pag.</strong></span> <span class='ocrx_word' id='word_1_309' title='bbox 259 2911 316 2956; x_wconf 81' lang='grc'><strong>684.</strong></span> <span class='ocrx_word' id='word_1_310' title='bbox 335 2907 382 2967; x_wconf 88' lang='lat' dir='ltr'><strong>ait,</strong></span> <span class='ocrx_word' id='word_1_311' title='bbox 404 2909 539 2971; x_wconf 84' lang='lat' dir='ltr'><strong>peritiores</strong></span> <span class='ocrx_word' id='word_1_312' title='bbox 551 2908 655 2969; x_wconf 80' lang='lat' dir='ltr'><strong>legere:</strong></span> <span class='ocrx_word' id='word_1_313' title='bbox 673 2907 726 2954; x_wconf 89' lang='lat' dir='ltr'><strong>Par</strong></span> <span class='ocrx_word' id='word_1_314' title='bbox 741 2905 862 2968; x_wconf 73' lang='lat' dir='ltr'><strong>propani.</strong></span> <span class='ocrx_word' id='word_1_315' title='bbox 895 2906 931 2953; x_wconf 89' lang='lat' dir='ltr'><strong>Et</strong></span> <span class='ocrx_word' id='word_1_316' title='bbox 947 2919 1008 2953; x_wconf 86' lang='lat' dir='ltr'><strong>sane</strong></span> <span class='ocrx_word' id='word_1_317' title='bbox 1026 2905 1064 2953; x_wconf 87' lang='lat' dir='ltr'><strong>ita</strong></span> <span class='ocrx_word' id='word_1_318' title='bbox 1081 2916 1121 2954; x_wconf 87' lang='lat' dir='ltr'><strong>est</strong></span> <span class='ocrx_word' id='word_1_319' title='bbox 1138 2905 1163 2954; x_wconf 91' lang='lat' dir='ltr'><strong>in</strong></span> <span class='ocrx_word' id='word_1_320' title='bbox 1177 2906 1229 2956; x_wconf 82' lang='lat' dir='ltr'><strong>Mt.</strong></span> 
     </span>
     <span class='ocr_line' id='line_1_34' title="bbox 114 2967 1230 3035; baseline -0.001 -14"><span class='ocrx_word' id='word_1_321' title='bbox 114 2971 204 3035; x_wconf 78' lang='lat' dir='ltr'><strong>Lips.</strong></span> <span class='ocrx_word' id='word_1_322' title='bbox 224 2968 500 3034; x_wconf 65' lang='lat' dir='ltr'><strong>casanatensem.</strong></span> <span class='ocrx_word' id='word_1_323' title='bbox 512 2978 539 3020; x_wconf 84' lang='lat' dir='ltr'><strong>et</strong></span> <span class='ocrx_word' id='word_1_324' title='bbox 549 2971 605 3020; x_wconf 82' lang='grc' dir='ltr'><strong>ΕΡ.</strong></span> <span class='ocrx_word' id='word_1_325' title='bbox 622 2970 686 3019; x_wconf 89' lang='lat' dir='ltr'><strong>Turn</strong></span> <span class='ocrx_word' id='word_1_326' title='bbox 699 2977 758 3032; x_wconf 90' lang='lat' dir='ltr'><strong>post</strong></span> <span class='ocrx_word' id='word_1_327' title='bbox 769 2970 844 3018; x_wconf 87' lang='lat' dir='ltr'><strong>Lind.</strong></span> <span class='ocrx_word' id='word_1_328' title='bbox 856 2967 983 3017; x_wconf 86' lang='lat' dir='ltr'><strong>editiones</strong></span> <span class='ocrx_word' id='word_1_329' title='bbox 993 2981 1099 3030; x_wconf 79' lang='lat' dir='ltr'><strong>nuperae</strong></span> <span class='ocrx_word' id='word_1_330' title='bbox 1110 2968 1230 3031; x_wconf 85' lang='lat' dir='ltr'><strong>quaedam</strong></span> 
     </span>
     <span class='ocr_line' id='line_1_35' title="bbox 114 3033 1229 3099; baseline 0 -15"><span class='ocrx_word' id='word_1_331' title='bbox 114 3035 163 3086; x_wconf 87' lang='lat' dir='ltr'><strong>ita</strong></span> <span class='ocrx_word' id='word_1_332' title='bbox 174 3033 396 3086; x_wconf 73' lang='lat' dir='ltr'><strong>exhibentium.</strong></span> <span class='ocrx_word' id='word_1_333' title='bbox 415 3034 476 3087; x_wconf 91' lang='lat' dir='ltr'><strong>Ald.</strong></span> <span class='ocrx_word' id='word_1_334' title='bbox 493 3036 532 3085; x_wconf 90' lang='lat' dir='ltr'><strong>St.</strong></span> <span class='ocrx_word' id='word_1_335' title='bbox 544 3037 652 3099; x_wconf 72' lang='lat' dir='ltr'><strong>aliaque</strong></span> <span class='ocrx_word' id='word_1_336' title='bbox 669 3034 858 3097; x_wconf 81' lang='lat' dir='ltr'><strong>probatissima:</strong></span> <span class='ocrx_word' id='word_1_337' title='bbox 870 3033 968 3095; x_wconf 84' lang='lat' dir='ltr'><strong>tegunt,</strong></span> <span class='ocrx_word' id='word_1_338' title='bbox 981 3041 1009 3082; x_wconf 89' lang='lat' dir='ltr'><strong>ut</strong></span> <span class='ocrx_word' id='word_1_339' title='bbox 1021 3033 1099 3081; x_wconf 80' lang='lat' dir='ltr'><strong>edidi.</strong></span> <span class='ocrx_word' id='word_1_340' title='bbox 1109 3034 1229 3084; x_wconf 81' lang='lat' dir='ltr'><strong>Mordeat.</strong></span> 
     </span>
     <span class='ocr_line' id='line_1_36' title="bbox 114 3096 1228 3164; baseline -0.003 -14"><span class='ocrx_word' id='word_1_341' title='bbox 114 3098 344 3162; x_wconf 65' lang='lat' dir='ltr'><strong>Aiiimmotdeat.</strong></span> <span class='ocrx_word' id='word_1_342' title='bbox 378 3098 465 3164; x_wconf 80' lang='lat' dir='ltr'><strong>Atque</strong></span> <span class='ocrx_word' id='word_1_343' title='bbox 481 3099 518 3147; x_wconf 87' lang='lat' dir='ltr'><strong>ita</strong></span> <span class='ocrx_word' id='word_1_344' title='bbox 530 3104 570 3148; x_wconf 86' lang='lat' dir='ltr'><strong>eet</strong></span> <span class='ocrx_word' id='word_1_345' title='bbox 588 3100 614 3147; x_wconf 91' lang='lat' dir='ltr'><strong>in</strong></span> <span class='ocrx_word' id='word_1_346' title='bbox 627 3112 677 3147; x_wconf 92' lang='lat' dir='ltr'><strong>una</strong></span> <span class='ocrx_word' id='word_1_347' title='bbox 690 3098 764 3148; x_wconf 78' lang='lat' dir='ltr'><strong>Laid.</strong></span> <span class='ocrx_word' id='word_1_348' title='bbox 775 3097 944 3159; x_wconf 87' lang='lat' dir='ltr'><strong>laudatque&#39;a</strong></span> <span class='ocrx_word' id='word_1_349' title='bbox 957 3098 1008 3145; x_wconf 90' lang='lat' dir='ltr'><strong>Ms.</strong></span> <span class='ocrx_word' id='word_1_350' title='bbox 1019 3104 1047 3146; x_wconf 86' lang='lat' dir='ltr'><strong>et</strong></span> <span class='ocrx_word' id='word_1_351' title='bbox 1058 3096 1228 3147; x_wconf 76' lang='lat' dir='ltr'><strong>ServioRivi·</strong></span> 
     </span>
     <span class='ocr_line' id='line_1_37' title="bbox 115 3159 1229 3228; baseline -0.005 -14"><span class='ocrx_word' id='word_1_352' title='bbox 115 3178 165 3214; x_wconf 85' lang='lat' dir='ltr'><strong>ns.</strong></span> <span class='ocrx_word' id='word_1_353' title='bbox 204 3163 368 3228; x_wconf 84' lang='lat' dir='ltr'><strong>videturque</strong></span> <span class='ocrx_word' id='word_1_354' title='bbox 380 3178 432 3213; x_wconf 91' lang='lat' dir='ltr'><strong>non</strong></span> <span class='ocrx_word' id='word_1_355' title='bbox 450 3164 517 3212; x_wconf 83' lang='lat' dir='ltr'><strong>tuate</strong></span> <span class='ocrx_word' id='word_1_356' title='bbox 534 3162 624 3212; x_wconf 80' lang='lat' dir='ltr'><strong>inferri</strong></span> <span class='ocrx_word' id='word_1_357' title='bbox 642 3164 673 3211; x_wconf 86' lang='lat' dir='ltr'><strong>ad</strong></span> <span class='ocrx_word' id='word_1_358' title='bbox 691 3162 764 3224; x_wconf 88' lang='lat' dir='ltr'><strong>illud,</strong></span> <span class='ocrx_word' id='word_1_359' title='bbox 782 3159 917 3210; x_wconf 74' lang='lat' dir='ltr'><strong>‘referta&#39;</strong></span> <span class='ocrx_word' id='word_1_360' title='bbox 938 3161 1015 3211; x_wconf 85' lang='lat' dir='ltr'><strong>Weet.</strong></span> <span class='ocrx_word' id='word_1_361' title='bbox 1048 3163 1100 3210; x_wconf 90' lang='lat' dir='ltr'><strong>Par</strong></span> <span class='ocrx_word' id='word_1_362' title='bbox 1113 3175 1156 3224; x_wconf 83' lang='lat' dir='ltr'><strong>pro</strong></span> <span class='ocrx_word' id='word_1_363' title='bbox 1172 3161 1229 3224; x_wconf 75' lang='lat' dir='ltr'><strong>pari</strong></span> 
     </span>
     <span class='ocr_line' id='line_1_38' title="bbox 115 3224 1228 3292; baseline -0.004 -14"><span class='ocrx_word' id='word_1_364' title='bbox 115 3233 168 3278; x_wconf 77' lang='lat' dir='ltr'><strong>est</strong></span> <span class='ocrx_word' id='word_1_365' title='bbox 182 3225 210 3275; x_wconf 91' lang='lat' dir='ltr'><strong>iu</strong></span> <span class='ocrx_word' id='word_1_366' title='bbox 224 3227 338 3291; x_wconf 84' lang='lat' dir='ltr'><strong>antiquis</strong></span> <span class='ocrx_word' id='word_1_367' title='bbox 357 3228 446 3277; x_wconf 88' lang='lat' dir='ltr'><strong>tibris:</strong></span> <span class='ocrx_word' id='word_1_368' title='bbox 464 3227 531 3292; x_wconf 91' lang='lat' dir='ltr'><strong>quod</strong></span> <span class='ocrx_word' id='word_1_369' title='bbox 549 3233 671 3276; x_wconf 87' lang='lat' dir='ltr'><strong>testatam</strong></span> <span class='ocrx_word' id='word_1_370' title='bbox 689 3226 833 3289; x_wconf 86' lang='lat' dir='ltr'><strong>relinquere</strong></span> <span class='ocrx_word' id='word_1_371' title='bbox 845 3224 979 3280; x_wconf 76' lang='lat' dir='ltr'><strong>valramus,</strong></span> <span class='ocrx_word' id='word_1_372' title='bbox 998 3238 1030 3272; x_wconf 88' lang='lat' dir='ltr'><strong>ne</strong></span> <span class='ocrx_word' id='word_1_373' title='bbox 1049 3225 1106 3289; x_wconf 87' lang='lat' dir='ltr'><strong>quis</strong></span> <span class='ocrx_word' id='word_1_374' title='bbox 1118 3225 1228 3287; x_wconf 84' lang='lat' dir='ltr'><strong>amplius</strong></span> 
     </span>
     <span class='ocr_line' id='line_1_39' title="bbox 113 3288 1227 3352; baseline -0.004 -10"><span class='ocrx_word' id='word_1_375' title='bbox 113 3292 199 3342; x_wconf 76' lang='lat' dir='ltr'><strong>hanc</strong></span> <span class='ocrx_word' id='word_1_376' title='bbox 211 3291 274 3341; x_wconf 88' lang='lat' dir='ltr'><strong>ieet.</strong></span> <span class='ocrx_word' id='word_1_377' title='bbox 286 3292 312 3340; x_wconf 92' lang='lat' dir='ltr'><strong>in</strong></span> <span class='ocrx_word' id='word_1_378' title='bbox 330 3292 437 3341; x_wconf 92' lang='lat' dir='ltr'><strong>dubium</strong></span> <span class='ocrx_word' id='word_1_379' title='bbox 454 3298 539 3341; x_wconf 85' lang='lat' dir='ltr'><strong>vocet.</strong></span> <span class='ocrx_word' id='word_1_380' title='bbox 555 3292 600 3352; x_wconf 78' lang='lat' dir='ltr'><strong>Fa.</strong></span> <span class='ocrx_word' id='word_1_381' title='bbox 633 3289 658 3338; x_wconf 90' lang='lat' dir='ltr'><strong>A</strong></span> <span class='ocrx_word' id='word_1_382' title='bbox 670 3298 780 3352; x_wconf 87' lang='lat' dir='ltr'><strong>qnataor</strong></span> <span class='ocrx_word' id='word_1_383' title='bbox 796 3289 889 3337; x_wconf 88' lang='lat' dir='ltr'><strong>nostrie</strong></span> <span class='ocrx_word' id='word_1_384' title='bbox 904 3304 949 3350; x_wconf 85' lang='lat' dir='ltr'><strong>pro</strong></span> <span class='ocrx_word' id='word_1_385' title='bbox 971 3289 1054 3338; x_wconf 87' lang='lat' dir='ltr'><strong>abest.</strong></span> <span class='ocrx_word' id='word_1_386' title='bbox 1088 3288 1166 3351; x_wconf 84' lang='lat' dir='ltr'><strong>Apud</strong></span> <span class='ocrx_word' id='word_1_387' title='bbox 1185 3289 1227 3338; x_wconf 81' lang='lat' dir='ltr'><strong>Ci-</strong></span> 
     </span>
     <span class='ocr_line' id='line_1_40' title="bbox 114 3351 1227 3420; baseline -0.004 -13"><span class='ocrx_word' id='word_1_388' title='bbox 114 3364 254 3407; x_wconf 77' lang='lat' dir='ltr'><strong>oeronem</strong></span> <span class='ocrx_word' id='word_1_389' title='bbox 265 3368 368 3420; x_wconf 91' lang='lat' dir='ltr'><strong>quoque</strong></span> <span class='ocrx_word' id='word_1_390' title='bbox 380 3357 405 3404; x_wconf 92' lang='lat' dir='ltr'><strong>in</strong></span> <span class='ocrx_word' id='word_1_391' title='bbox 423 3356 528 3405; x_wconf 84' lang='lat' dir='ltr'><strong>diversa</strong></span> <span class='ocrx_word' id='word_1_392' title='bbox 542 3355 639 3404; x_wconf 86' lang='lat' dir='ltr'><strong>abeunt</strong></span> <span class='ocrx_word' id='word_1_393' title='bbox 659 3354 779 3415; x_wconf 85' lang='lat' dir='ltr'><strong>Codices,</strong></span> <span class='ocrx_word' id='word_1_394' title='bbox 798 3367 859 3417; x_wconf 91' lang='lat' dir='ltr'><strong>quoe</strong></span> <span class='ocrx_word' id='word_1_395' title='bbox 872 3353 1036 3416; x_wconf 85' lang='lat' dir='ltr'><strong>interpretes</strong></span> <span class='ocrx_word' id='word_1_396' title='bbox 1053 3352 1091 3401; x_wconf 92' lang='lat' dir='ltr'><strong>ibi</strong></span> <span class='ocrx_word' id='word_1_397' title='bbox 1110 3351 1227 3402; x_wconf 82' lang='lat' dir='ltr'><strong>consulu·</strong></span> 
     </span>
    </p>
   </div>
   <div class='ocr_carea' id='block_1_6' title="bbox 116 3412 1321 3483">
    <p class='ocr_par' dir='ltr' id='par_1_10' title="bbox 116 3412 1321 3483">
     <span class='ocr_line' id='line_1_41' title="bbox 116 3412 1321 3483; baseline -0.002 -13"><span class='ocrx_word' id='word_1_398' title='bbox 116 3425 227 3478; x_wconf 76' lang='lat' dir='ltr'><strong>erunt5</strong></span> <span class='ocrx_word' id='word_1_399' title='bbox 246 3419 283 3470; x_wconf 82' lang='lat' dir='ltr'><strong>ita</strong></span> <span class='ocrx_word' id='word_1_400' title='bbox 302 3428 387 3470; x_wconf 88' lang='lat' dir='ltr'><strong>tamen</strong></span> <span class='ocrx_word' id='word_1_401' title='bbox 404 3425 434 3470; x_wconf 93' lang='lat' dir='ltr'><strong>ut</strong></span> <span class='ocrx_word' id='word_1_402' title='bbox 454 3420 539 3483; x_wconf 89' lang='lat' dir='ltr'><strong>plures</strong></span> <span class='ocrx_word' id='word_1_403' title='bbox 557 3419 734 3468; x_wconf 76' lang='lat' dir='ltr'><strong>habeantPar</strong></span> <span class='ocrx_word' id='word_1_404' title='bbox 747 3417 803 3481; x_wconf 85' lang='lat' dir='ltr'><strong>pari</strong></span> <span class='ocrx_word' id='word_1_405' title='bbox 818 3416 923 3478; x_wconf 72' lang='lat' dir='ltr'><strong>rosato:</strong></span> <span class='ocrx_word' id='word_1_406' title='bbox 940 3417 1068 3481; x_wconf 90' lang='lat' dir='ltr'><strong>quomodo</strong></span> <span class='ocrx_word' id='word_1_407' title='bbox 1079 3424 1108 3466; x_wconf 85' lang='lat' dir='ltr'><strong>et</strong></span> <span class='ocrx_word' id='word_1_408' title='bbox 1121 3412 1228 3468; x_wconf 79' lang='lat' dir='ltr'><strong>Servius</strong></span> <span class='ocrx_word' id='word_1_409' title='bbox 1319 3428 1321 3432; x_wconf 58' lang='lat'><strong><em>⁴</em></strong></span> 
     </span>
    </p>
   </div>
   <div class='ocr_carea' id='block_1_7' title="bbox 116 3481 1231 4188">
    <p class='ocr_par' dir='ltr' id='par_1_11' title="bbox 116 3481 1231 4188">
     <span class='ocr_line' id='line_1_42' title="bbox 117 3481 1227 3546; baseline -0.005 -11"><span class='ocrx_word' id='word_1_410' title='bbox 117 3485 198 3535; x_wconf 80' lang='lat' dir='ltr'><strong>citat</strong></span> <span class='ocrx_word' id='word_1_411' title='bbox 211 3481 246 3530; x_wconf 88' lang='lat' dir='ltr'><strong>ad</strong></span> <span class='ocrx_word' id='word_1_412' title='bbox 266 3483 323 3534; x_wconf 87' lang='lat' dir='ltr'><strong>AEn.</strong></span> <span class='ocrx_word' id='word_1_413' title='bbox 337 3498 357 3533; x_wconf 90' lang='lat'><strong>1.</strong></span> <span class='ocrx_word' id='word_1_414' title='bbox 377 3488 436 3534; x_wconf 76' lang='grc'><strong>265.</strong></span> <span class='ocrx_word' id='word_1_415' title='bbox 470 3485 578 3533; x_wconf 84' lang='lat' dir='ltr'><strong>Frustra</strong></span> <span class='ocrx_word' id='word_1_416' title='bbox 598 3483 724 3546; x_wconf 76' lang='lat' dir='ltr'><strong>quaeritur</strong></span> <span class='ocrx_word' id='word_1_417' title='bbox 737 3482 805 3530; x_wconf 86' lang='lat' dir='ltr'><strong>alind</strong></span> <span class='ocrx_word' id='word_1_418' title='bbox 823 3482 960 3530; x_wconf 88' lang='lat' dir='ltr'><strong>locutionis</strong></span> <span class='ocrx_word' id='word_1_419' title='bbox 978 3482 1053 3544; x_wconf 90' lang='lat' dir='ltr'><strong>hujus</strong></span> <span class='ocrx_word' id='word_1_420' title='bbox 1072 3483 1227 3544; x_wconf 85' lang='lat' dir='ltr'><strong>exemptam,</strong></span> 
     </span>
     <span class='ocr_line' id='line_1_43' title="bbox 116 3545 1228 3610; baseline -0.012 -11"><span class='ocrx_word' id='word_1_421' title='bbox 116 3551 184 3599; x_wconf 84' lang='lat' dir='ltr'><strong>Par</strong></span> <span class='ocrx_word' id='word_1_422' title='bbox 191 3562 239 3609; x_wconf 86' lang='lat' dir='ltr'><strong>pro</strong></span> <span class='ocrx_word' id='word_1_423' title='bbox 248 3548 303 3608; x_wconf 86' lang='lat' dir='ltr'><strong>pari</strong></span> <span class='ocrx_word' id='word_1_424' title='bbox 313 3549 410 3608; x_wconf 80' lang='lat' dir='ltr'><strong>referre.</strong></span> <span class='ocrx_word' id='word_1_425' title='bbox 445 3548 498 3596; x_wconf 90' lang='lat' dir='ltr'><strong>Cur</strong></span> <span class='ocrx_word' id='word_1_426' title='bbox 506 3548 585 3609; x_wconf 75' lang='lat' dir='ltr'><strong>igitur</strong></span> <span class='ocrx_word' id='word_1_427' title='bbox 595 3547 620 3596; x_wconf 91' lang='lat' dir='ltr'><strong>in</strong></span> <span class='ocrx_word' id='word_1_428' title='bbox 632 3547 746 3610; x_wconf 89' lang='lat' dir='ltr'><strong>ipsorum</strong></span> <span class='ocrx_word' id='word_1_429' title='bbox 758 3546 875 3596; x_wconf 81' lang='lat' dir='ltr'><strong>codicum</strong></span> <span class='ocrx_word' id='word_1_430' title='bbox 885 3546 993 3596; x_wconf 84' lang='lat' dir='ltr'><strong>dissidio</strong></span> <span class='ocrx_word' id='word_1_431' title='bbox 1003 3560 1054 3594; x_wconf 92' lang='lat' dir='ltr'><strong>non</strong></span> <span class='ocrx_word' id='word_1_432' title='bbox 1061 3545 1140 3594; x_wconf 85' lang='lat' dir='ltr'><strong>liceat</strong></span> <span class='ocrx_word' id='word_1_433' title='bbox 1153 3560 1228 3608; x_wconf 83' lang='lat' dir='ltr'><strong>repo.</strong></span> 
     </span>
     <span class='ocr_line' id='line_1_44' title="bbox 116 3609 1231 3676; baseline -0.004 -13"><span class='ocrx_word' id='word_1_434' title='bbox 116 3625 205 3668; x_wconf 80' lang='lat' dir='ltr'><strong>mero,</strong></span> <span class='ocrx_word' id='word_1_435' title='bbox 217 3612 270 3659; x_wconf 86' lang='lat' dir='ltr'><strong>Por</strong></span> <span class='ocrx_word' id='word_1_436' title='bbox 275 3616 301 3660; x_wconf 90' lang='lat' dir='ltr'><strong>tn</strong></span> <span class='ocrx_word' id='word_1_437' title='bbox 304 3612 365 3676; x_wconf 82' lang='lat' dir='ltr'><strong>pari</strong></span> <span class='ocrx_word' id='word_1_438' title='bbox 376 3611 473 3673; x_wconf 82' lang='lat' dir='ltr'><strong>referto,</strong></span> <span class='ocrx_word' id='word_1_439' title='bbox 483 3615 544 3674; x_wconf 84' lang='lat' dir='ltr'><strong>quod</strong></span> <span class='ocrx_word' id='word_1_440' title='bbox 551 3627 602 3661; x_wconf 88' lang='lat' dir='ltr'><strong>eam</strong></span> <span class='ocrx_word' id='word_1_441' title='bbox 613 3609 738 3661; x_wconf 76' lang='lat' dir='ltr'><strong>mordeat?</strong></span> <span class='ocrx_word' id='word_1_442' title='bbox 754 3612 833 3660; x_wconf 89' lang='lat' dir='ltr'><strong>Bent.</strong></span> <span class='ocrx_word' id='word_1_443' title='bbox 865 3611 918 3658; x_wconf 86' lang='lat' dir='ltr'><strong>Par</strong></span> <span class='ocrx_word' id='word_1_444' title='bbox 926 3625 970 3673; x_wconf 87' lang='lat' dir='ltr'><strong>pra</strong></span> <span class='ocrx_word' id='word_1_445' title='bbox 985 3609 1040 3672; x_wconf 84' lang='lat' dir='ltr'><strong>pori</strong></span> <span class='ocrx_word' id='word_1_446' title='bbox 1050 3609 1147 3658; x_wconf 84' lang='lat' dir='ltr'><strong>trabant</strong></span> <span class='ocrx_word' id='word_1_447' title='bbox 1157 3611 1191 3657; x_wconf 70' lang='lat' dir='ltr'><strong>V:</strong></span> <span class='ocrx_word' id='word_1_448' title='bbox 1200 3615 1231 3658; x_wconf 84' lang='lat' dir='ltr'><strong>et</strong></span> 
     </span>
     <span class='ocr_line' id='line_1_45' title="bbox 116 3671 1230 3738; baseline -0.006 -11"><span class='ocrx_word' id='word_1_449' title='bbox 116 3678 165 3727; x_wconf 89' lang='lat' dir='ltr'><strong>D.</strong></span> <span class='ocrx_word' id='word_1_450' title='bbox 176 3675 264 3725; x_wconf 85' lang='lat' dir='ltr'><strong>Marci</strong></span> <span class='ocrx_word' id='word_1_451' title='bbox 276 3676 344 3728; x_wconf 82' lang='lat' dir='ltr'><strong>Ftor.</strong></span> <span class='ocrx_word' id='word_1_452' title='bbox 354 3683 424 3726; x_wconf 86' lang='lat' dir='ltr'><strong>teste</strong></span> <span class='ocrx_word' id='word_1_453' title='bbox 435 3677 561 3726; x_wconf 85' lang='lat' dir='ltr'><strong>Victoria.</strong></span> <span class='ocrx_word' id='word_1_454' title='bbox 593 3675 697 3725; x_wconf 84' lang='lat' dir='ltr'><strong>Adsunt</strong></span> <span class='ocrx_word' id='word_1_455' title='bbox 708 3689 786 3738; x_wconf 90' lang='lat' dir='ltr'><strong>porro</strong></span> <span class='ocrx_word' id='word_1_456' title='bbox 798 3675 831 3722; x_wconf 87' lang='lat' dir='ltr'><strong>ad</strong></span> <span class='ocrx_word' id='word_1_457' title='bbox 847 3671 902 3723; x_wconf 77' lang='lat' dir='ltr'><strong>Cic.</strong></span> <span class='ocrx_word' id='word_1_458' title='bbox 915 3674 932 3722; x_wconf 91' lang='lat'><strong>1.</strong></span> <span class='ocrx_word' id='word_1_459' title='bbox 943 3689 966 3723; x_wconf 89' lang='lat' dir='ltr'><strong>c.</strong></span> <span class='ocrx_word' id='word_1_460' title='bbox 977 3674 1041 3722; x_wconf 87' lang='lat' dir='ltr'><strong>Cod.</strong></span> <span class='ocrx_word' id='word_1_461' title='bbox 1055 3672 1152 3721; x_wconf 87' lang='lat' dir='ltr'><strong>Medic.</strong></span> <span class='ocrx_word' id='word_1_462' title='bbox 1162 3678 1230 3721; x_wconf 83' lang='lat' dir='ltr'><strong>teste</strong></span> 
     </span>
     <span class='ocr_line' id='line_1_46' title="bbox 120 3737 1230 3804; baseline -0.009 -11"><span class='ocrx_word' id='word_1_463' title='bbox 120 3742 162 3793; x_wconf 88' lang='lat' dir='ltr'><strong>P.</strong></span> <span class='ocrx_word' id='word_1_464' title='bbox 176 3739 311 3804; x_wconf 86' lang='lat' dir='ltr'><strong>Manutio,</strong></span> <span class='ocrx_word' id='word_1_465' title='bbox 319 3756 371 3791; x_wconf 85' lang='lat' dir='ltr'><strong>seo.</strong></span> <span class='ocrx_word' id='word_1_466' title='bbox 382 3749 410 3790; x_wconf 89' lang='lat' dir='ltr'><strong>et</strong></span> <span class='ocrx_word' id='word_1_467' title='bbox 419 3749 482 3790; x_wconf 88' lang='lat' dir='ltr'><strong>tert.</strong></span> <span class='ocrx_word' id='word_1_468' title='bbox 493 3741 551 3790; x_wconf 83' lang='lat' dir='ltr'><strong>Par.</strong></span> <span class='ocrx_word' id='word_1_469' title='bbox 563 3739 675 3803; x_wconf 85' lang='lat' dir='ltr'><strong>itemque</strong></span> <span class='ocrx_word' id='word_1_470' title='bbox 687 3738 844 3787; x_wconf 80' lang='lat' dir='ltr'><strong>membranae</strong></span> <span class='ocrx_word' id='word_1_471' title='bbox 856 3738 979 3796; x_wconf 79' lang='lat' dir='ltr'><strong>Grateri3</strong></span> <span class='ocrx_word' id='word_1_472' title='bbox 995 3737 1107 3799; x_wconf 87' lang='lat' dir='ltr'><strong>indeque</strong></span> <span class='ocrx_word' id='word_1_473' title='bbox 1119 3737 1230 3799; x_wconf 82' lang='lat' dir='ltr'><strong>rescrip-</strong></span> 
     </span>
     <span class='ocr_line' id='line_1_47' title="bbox 122 3798 1230 3867; baseline -0.006 -12"><span class='ocrx_word' id='word_1_474' title='bbox 122 3807 164 3855; x_wconf 89' lang='lat' dir='ltr'><strong>sit</strong></span> <span class='ocrx_word' id='word_1_475' title='bbox 174 3803 284 3854; x_wconf 85' lang='lat' dir='ltr'><strong>Cottius</strong></span> <span class='ocrx_word' id='word_1_476' title='bbox 293 3807 319 3854; x_wconf 91' lang='lat' dir='ltr'><strong>in</strong></span> <span class='ocrx_word' id='word_1_477' title='bbox 330 3806 377 3867; x_wconf 79' lang='lat' dir='ltr'><strong>Ep.</strong></span> <span class='ocrx_word' id='word_1_478' title='bbox 389 3805 444 3854; x_wconf 87' lang='lat' dir='ltr'><strong>Cic.</strong></span> <span class='ocrx_word' id='word_1_479' title='bbox 457 3805 509 3853; x_wconf 88' lang='lat' dir='ltr'><strong>Par</strong></span> <span class='ocrx_word' id='word_1_480' title='bbox 516 3819 560 3867; x_wconf 89' lang='lat' dir='ltr'><strong>pro</strong></span> <span class='ocrx_word' id='word_1_481' title='bbox 569 3803 633 3864; x_wconf 81' lang='lat' dir='ltr'><strong>pari,</strong></span> <span class='ocrx_word' id='word_1_482' title='bbox 643 3803 710 3866; x_wconf 90' lang='lat' dir='ltr'><strong>qaod</strong></span> <span class='ocrx_word' id='word_1_483' title='bbox 724 3802 758 3850; x_wconf 89' lang='lat' dir='ltr'><strong>ibi</strong></span> <span class='ocrx_word' id='word_1_484' title='bbox 768 3803 841 3851; x_wconf 83' lang='lat' dir='ltr'><strong>itinn.</strong></span> <span class='ocrx_word' id='word_1_485' title='bbox 852 3808 881 3850; x_wconf 87' lang='lat' dir='ltr'><strong>et</strong></span> <span class='ocrx_word' id='word_1_486' title='bbox 889 3801 958 3850; x_wconf 89' lang='lat' dir='ltr'><strong>Vict.</strong></span> <span class='ocrx_word' id='word_1_487' title='bbox 968 3800 1081 3849; x_wconf 79' lang='lat' dir='ltr'><strong>voluere.</strong></span> <span class='ocrx_word' id='word_1_488' title='bbox 1113 3798 1230 3848; x_wconf 83' lang='lat' dir='ltr'><strong>Tandem</strong></span> 
     </span>
     <span class='ocr_line' id='line_1_48' title="bbox 122 3863 1230 3933; baseline -0.006 -15"><span class='ocrx_word' id='word_1_489' title='bbox 122 3868 210 3918; x_wconf 83' lang='lat' dir='ltr'><strong>metri</strong></span> <span class='ocrx_word' id='word_1_490' title='bbox 222 3869 290 3918; x_wconf 89' lang='lat' dir='ltr'><strong>ratio</strong></span> <span class='ocrx_word' id='word_1_491' title='bbox 306 3875 437 3933; x_wconf 81' lang='lat' dir='ltr'><strong>repugnat</strong></span> <span class='ocrx_word' id='word_1_492' title='bbox 448 3869 584 3931; x_wconf 79' lang='lat' dir='ltr'><strong>vulgatae.·</strong></span> <span class='ocrx_word' id='word_1_493' title='bbox 604 3868 690 3915; x_wconf 87' lang='lat' dir='ltr'><strong>Sensit</strong></span> <span class='ocrx_word' id='word_1_494' title='bbox 707 3865 733 3914; x_wconf 90' lang='lat' dir='ltr'><strong>id</strong></span> <span class='ocrx_word' id='word_1_495' title='bbox 751 3867 841 3916; x_wconf 67' lang='lat' dir='ltr'><strong>Lama</strong></span> <span class='ocrx_word' id='word_1_496' title='bbox 862 3879 943 3928; x_wconf 86' lang='lat' dir='ltr'><strong>eoque</strong></span> <span class='ocrx_word' id='word_1_497' title='bbox 961 3871 1056 3925; x_wconf 85' lang='lat' dir='ltr'><strong>praeter</strong></span> <span class='ocrx_word' id='word_1_498' title='bbox 1072 3863 1149 3912; x_wconf 88' lang='lat' dir='ltr'><strong>codd.</strong></span> <span class='ocrx_word' id='word_1_499' title='bbox 1165 3864 1230 3911; x_wconf 88' lang='lat' dir='ltr'><strong>altos</strong></span> 
     </span>
     <span class='ocr_line' id='line_1_49' title="bbox 124 3927 1231 3996; baseline -0.013 -7"><span class='ocrx_word' id='word_1_500' title='bbox 124 3935 199 3989; x_wconf 80' lang='lat' dir='ltr'><strong>fecit</strong></span> <span class='ocrx_word' id='word_1_501' title='bbox 213 3933 264 3982; x_wconf 87' lang='lat' dir='ltr'><strong>Por</strong></span> <span class='ocrx_word' id='word_1_502' title='bbox 283 3939 310 3983; x_wconf 90' lang='lat' dir='ltr'><strong>tu</strong></span> <span class='ocrx_word' id='word_1_503' title='bbox 328 3935 389 3996; x_wconf 84' lang='lat' dir='ltr'><strong>pari.</strong></span> <span class='ocrx_word' id='word_1_504' title='bbox 422 3934 472 3982; x_wconf 90' lang='lat' dir='ltr'><strong>Sed</strong></span> <span class='ocrx_word' id='word_1_505' title='bbox 485 3939 512 3982; x_wconf 83' lang='lat' dir='ltr'><strong>ta</strong></span> <span class='ocrx_word' id='word_1_506' title='bbox 526 3944 712 3994; x_wconf 83' lang='lat' dir='ltr'><strong>sapervacuum</strong></span> <span class='ocrx_word' id='word_1_507' title='bbox 732 3928 809 3979; x_wconf 84' lang='lat' dir='ltr'><strong>toret.</strong></span> <span class='ocrx_word' id='word_1_508' title='bbox 841 3929 930 3977; x_wconf 83' lang='lat' dir='ltr'><strong>Vanus</strong></span> <span class='ocrx_word' id='word_1_509' title='bbox 954 3929 1032 3990; x_wconf 87' lang='lat' dir='ltr'><strong>Bent.</strong></span> <span class='ocrx_word' id='word_1_510' title='bbox 1049 3941 1100 3975; x_wconf 92' lang='lat' dir='ltr'><strong>non</strong></span> <span class='ocrx_word' id='word_1_511' title='bbox 1121 3927 1231 3976; x_wconf 87' lang='lat' dir='ltr'><strong>inveniri</strong></span> 
     </span>
     <span class='ocr_line' id='line_1_50' title="bbox 124 3988 1231 4062; baseline -0.009 -12"><span class='ocrx_word' id='word_1_512' title='bbox 124 3999 282 4062; x_wconf 78' lang='lat' dir='ltr'><strong>exemptam</strong></span> <span class='ocrx_word' id='word_1_513' title='bbox 298 3997 436 4047; x_wconf 85' lang='lat' dir='ltr'><strong>locutionis</strong></span> <span class='ocrx_word' id='word_1_514' title='bbox 447 3997 536 4046; x_wconf 88' lang='lat' dir='ltr'><strong>similis</strong></span> <span class='ocrx_word' id='word_1_515' title='bbox 548 4002 645 4045; x_wconf 90' lang='lat' dir='ltr'><strong>nostro.</strong></span> <span class='ocrx_word' id='word_1_516' title='bbox 663 3995 723 4056; x_wconf 82' lang='lat' dir='ltr'><strong>Bip.</strong></span> <span class='ocrx_word' id='word_1_517' title='bbox 756 3994 807 4042; x_wconf 87' lang='lat' dir='ltr'><strong>Par</strong></span> <span class='ocrx_word' id='word_1_518' title='bbox 821 4006 864 4055; x_wconf 82' lang='lat' dir='ltr'><strong>pro</strong></span> <span class='ocrx_word' id='word_1_519' title='bbox 878 3988 933 4054; x_wconf 78' lang='lat' dir='ltr'><strong>pori</strong></span> <span class='ocrx_word' id='word_1_520' title='bbox 947 3991 993 4039; x_wconf 92' lang='lat' dir='ltr'><strong>Br.</strong></span> <span class='ocrx_word' id='word_1_521' title='bbox 1011 3991 1042 4039; x_wconf 77' lang='lat' dir='ltr'><strong>Z.</strong></span> <span class='ocrx_word' id='word_1_522' title='bbox 1078 3991 1231 4054; x_wconf 86' lang='lat' dir='ltr'><strong>Taporpari</strong></span> 
     </span>
     <span class='ocr_line' id='line_1_51' title="bbox 130 4055 1231 4128; baseline -0.011 -11"><span class='ocrx_word' id='word_1_523' title='bbox 130 4064 235 4128; x_wconf 88' lang='lat' dir='ltr'><strong>Delph.</strong></span> <span class='ocrx_word' id='word_1_524' title='bbox 247 4060 324 4112; x_wconf 85' lang='lat' dir='ltr'><strong>Both.</strong></span> <span class='ocrx_word' id='word_1_525' title='bbox 356 4063 499 4112; x_wconf 73' lang='lat' dir='ltr'><strong>Remanent</strong></span> <span class='ocrx_word' id='word_1_526' title='bbox 511 4058 598 4111; x_wconf 81' lang='lat' dir='ltr'><strong>Gueif.</strong></span> <span class='ocrx_word' id='word_1_527' title='bbox 611 4065 633 4108; x_wconf 77' lang='lat' dir='ltr'><strong>t.</strong></span> <span class='ocrx_word' id='word_1_528' title='bbox 645 4066 674 4108; x_wconf 85' lang='lat' dir='ltr'><strong>at</strong></span> <span class='ocrx_word' id='word_1_529' title='bbox 692 4057 852 4121; x_wconf 69' lang='lat' dir='ltr'><strong>Delma-66</strong></span> <span class='ocrx_word' id='word_1_530' title='bbox 868 4056 937 4104; x_wconf 78' lang='lat' dir='ltr'><strong>istud</strong></span> <span class='ocrx_word' id='word_1_531' title='bbox 950 4055 1118 4118; x_wconf 60' lang='lat' dir='ltr'><strong>Daph—ot.</strong></span> <span class='ocrx_word' id='word_1_532' title='bbox 1128 4059 1161 4104; x_wconf 82' lang='lat'><strong>68</strong></span> <span class='ocrx_word' id='word_1_533' title='bbox 1177 4056 1231 4105; x_wconf 89' lang='lat' dir='ltr'><strong>Pro</strong></span> 
     </span>
     <span class='ocr_line' id='line_1_52' title="bbox 130 4119 1231 4188; baseline -0.014 -8"><span class='ocrx_word' id='word_1_534' title='bbox 130 4129 238 4186; x_wconf 80' lang='lat' dir='ltr'><strong>Quande</strong></span> <span class='ocrx_word' id='word_1_535' title='bbox 248 4128 307 4176; x_wconf 85' lang='lat' dir='ltr'><strong>iilud</strong></span> <span class='ocrx_word' id='word_1_536' title='bbox 321 4127 367 4175; x_wconf 86' lang='lat' dir='ltr'><strong>dat</strong></span> <span class='ocrx_word' id='word_1_537' title='bbox 387 4127 465 4175; x_wconf 86' lang='lat' dir='ltr'><strong>Both.</strong></span> <span class='ocrx_word' id='word_1_538' title='bbox 485 4125 562 4182; x_wconf 87' lang='lat' dir='ltr'><strong>Quom</strong></span> <span class='ocrx_word' id='word_1_539' title='bbox 572 4125 668 4185; x_wconf 83' lang='lat' dir='ltr'><strong>dadum,</strong></span> <span class='ocrx_word' id='word_1_540' title='bbox 677 4124 718 4173; x_wconf 86' lang='lat' dir='ltr'><strong>des</strong></span> <span class='ocrx_word' id='word_1_541' title='bbox 733 4137 780 4188; x_wconf 91' lang='lat' dir='ltr'><strong>pro</strong></span> <span class='ocrx_word' id='word_1_542' title='bbox 790 4124 842 4184; x_wconf 86' lang='lat' dir='ltr'><strong>das,</strong></span> <span class='ocrx_word' id='word_1_543' title='bbox 853 4127 880 4170; x_wconf 86' lang='lat' dir='ltr'><strong>et</strong></span> <span class='ocrx_word' id='word_1_544' title='bbox 897 4119 957 4168; x_wconf 85' lang='lat' dir='ltr'><strong>Tam&#39;</strong></span> <span class='ocrx_word' id='word_1_545' title='bbox 970 4121 1057 4168; x_wconf 83' lang='lat' dir='ltr'><strong>dadum</strong></span> <span class='ocrx_word' id='word_1_546' title='bbox 1068 4133 1115 4184; x_wconf 88' lang='lat' dir='ltr'><strong>pro</strong></span> <span class='ocrx_word' id='word_1_547' title='bbox 1129 4120 1231 4170; x_wconf 74' lang='lat' dir='ltr'><strong>dandu-</strong></span> 
     </span>
    </p>
   </div>
   <div class='ocr_carea' id='block_1_8' title="bbox 199 4200 1167 4272">
    <p class='ocr_par' dir='ltr' id='par_1_12' title="bbox 199 4200 1167 4272">
     <span class='ocr_line' id='line_1_53' title="bbox 199 4200 1167 4272; baseline -0.008 -14"><span class='ocrx_word' id='word_1_548' title='bbox 199 4207 288 4272; x_wconf 78' lang='lat' dir='ltr'><strong>Delptr.</strong></span> <span class='ocrx_word' id='word_1_549' title='bbox 300 4212 323 4257; x_wconf 87' lang='lat' dir='ltr'><strong>et</strong></span> <span class='ocrx_word' id='word_1_550' title='bbox 336 4207 393 4257; x_wconf 82' lang='lat' dir='ltr'><strong>Var.</strong></span> <span class='ocrx_word' id='word_1_551' title='bbox 403 4207 467 4256; x_wconf 85' lang='lat' dir='ltr'><strong>Ctar.</strong></span> <span class='ocrx_word' id='word_1_552' title='bbox 646 4203 739 4254; x_wconf 84' lang='lat' dir='ltr'><strong>Terent.</strong></span> <span class='ocrx_word' id='word_1_553' title='bbox 1114 4203 1130 4248; x_wconf 75' lang='lat'>2</span> <span class='ocrx_word' id='word_1_554' title='bbox 1147 4200 1167 4250; x_wconf 81' lang='lat' dir='ltr'>F</span> 
     </span>
    </p>
   </div>
   <div class='ocr_carea' id='block_1_9' title="bbox 0 0 1344 4702">
    <p class='ocr_par' dir='ltr' id='par_1_13' title="bbox 0 0 1344 4702">
     <span class='ocr_line' id='line_1_54' title="bbox 0 0 1344 4702; baseline 0 3"><span class='ocrx_word' id='word_1_555' title='bbox 0 0 1344 4702; x_wconf 95' lang='lat' dir='ltr'><strong> </strong></span> 
     </span>
    </p>
   </div>
  </div>
 </body>
</html>
