2678 4702
372 336 543 386 uuuuour
570 339 653 386 nor.
677 338 734 385 ur.
757 339 808 391 sc.
833 342 872 387 ιι.
1101 331 1166 393 rut

63 480 121 544 Dc
135 478 271 542 fidicina
286 478 397 544 istacl
443 480 510 551 ΡΑ.
534 478 646 559 Quam
659 489 799 547 venusto
811 485 819 547 l
833 484 924 567 quod
938 484 1033 550 dedit

63 579 270 661 Principium
287 579 488 644 adveniens!
532 582 603 648 Tu.
627 582 814 648 Plurimum
830 587 952 650 merito
967 593 1036 651 tuo.
1143 589 1167 652 d

63 682 140 746 Gn.
164 679 291 745 Eamus
306 701 382 764 ergo
398 683 442 746 ad
465 704 616 752 coenam:
637 685 720 767 quid
743 687 840 750 staei
888 687 953 751 ΡΛ.
978 688 1066 753 Hom
1083 689 1166 753 alte-

195 802 286 850 rum:

62 883 121 949 Ex
134 885 266 948 homine
280 886 366 948 bunc
382 889 495 950 natum
511 886 616 951 dicas.
669 887 766 951 Tua.
789 887 858 951 Ubi
873 889 937 965 vie,
959 908 1026 954 non
1046 910 1165 955 moror.

62 986 134 1051 Pu.
156 986 282 1063 Adibo,
298 993 399 1070 atque
415 990 634 1066 assimulabo,
649 990 749 1072 quasi
762 1009 849 1054 nunc
863 1010 993 1054 exeam.

62 1086 337 1167 lturan','1'hais‚
353 1091 513 1171 quopiam
530 1093 594 1156 esi
638 1091 708 1155 Tu.
732 1092 854 1156 Ehem!
878 1091 1058 1168 Parmeno,
1107 1161 1110 1167 ,

60 1188 160 1253 Bene
183 1189 311 1254 fecisti:
333 1190 435 1254 hodie
459 1192 556 1258 itura.
603 1192 669 1257 ΡΑ.
694 1191 798 1272 Quoi
842 1193 911 1258 ΤΗ.
935 1191 1054 1270 Quidl
1075 1193 1164 1256 huuc

194 1309 260 1357 non
274 1292 392 1358 videsl
1122 1295 1165 1361 10

61 1391 134 1457 ΡΑ.
157 1391 277 1470 Video,
294 1399 328 1458 et
342 1413 394 1459 me
410 1395 536 1460 taedet:
560 1397 617 1461 ubi
635 1397 700 1472 vis,
717 1397 805 1460 dona
820 1396 945 1460 adsunt
960 1397 1022 1464 tibi

60 1492 97 1556 A
113 1492 282 1558 Pbaedria.
325 1494 421 1560 Tua.
443 1494 536 1573 Quid
552 1499 706 1567 stamusi
724 1518 782 1562 cur
796 1517 863 1562 non
877 1499 966 1563 imus
978 1497 1080 1565 hinet

59 1592 133 1674 Pa.
156 1593 286 1671 Quaeso
301 1594 408 1658 hercle
424 1604 460 1659 ut
474 1596 585 1674 liceat,
601 1617 687 1685 pace
704 1599 793 1682 quod
810 1600 956 1677 battua,

60 1694 158 1761 Dare
173 1695 251 1764 huic
266 1717 342 1780 quae
358 1696 525 1777 volumus,
549 1703 723 1764 convenire
738 1708 773 1764 et
787 1701 948 1784 colloqui.
1000 1781 1004 1788 .

59 1795 162 1861 Tun.
190 1794 393 1879 Perpulchra
408 1799 508 1861 credo
524 1799 623 1874 dona,
638 1801 729 1864 haud
744 1803 872 1865 nostris
887 1802 1019 1868 similia.
1122 1803 1165 1865 15

55 1973 360 2038 prepteristnmfidicinnm
367 1971 531 2037 Pompeium?
548 1974 600 2023 ΡΛ.
615 1974 1006 2038 Quamneroeiegmrter(irooice):
1015 1975 1164 2038 quuieprimo

57 2038 228 2099 memsam
237 2039 366 2103 scordium,
374 2039 530 2088 recensionem
540 2038 634 2100 saniem
653 2037 766 2101 beneficii.
801 2040 858 2088 Τιι.
875 2039 1009 2090 Pinariorum
1026 2046 1054 2088 ut
1065 2039 1164 2091 meritiis

57 2117 93 2150 ee.
130 2101 184 2151 Gn.
203 2104 292 2152 Eamus
302 2118 357 2165 ergo
375 2104 406 2150 ud
423 2118 519 2151 eandm.
561 2103 626 2158 Quid
645 2108 738 2150 cessus?
770 2103 821 2151 ΡΑ.
838 2102 920 2162 Hem,·
936 2118 987 2152 ecce
1004 2102 1047 2151 tibi
1064 2105 1164 2151 uberum

58 2166 177 2215 bominem
189 2167 346 2226 (indideram,
360 2167 444 2215 militis
455 2167 525 2216 dietis
535 2172 559 2215 et
577 2166 687 2228 cogitetis
705 2167 741 2215 ita
757 2172 930 2231 congruentem,
947 2173 974 2216 nt
992 2181 1022 2216 ex
1039 2182 1065 2215 eo
1082 2172 1164 2216 natum

56 2228 128 2278 ilium
140 2230 212 2279 diem.
246 2232 319 2281 Tua.
339 2231 387 2280 Ubi
398 2232 442 2286 ris.
460 2246 587 2282 eoerwmrrs:
604 2232 668 2281 nullo
686 2231 711 2280 in
729 2245 765 2278 me
780 2237 898 2281 nmraest.
932 2231 983 2280 Pu·
1000 2233 1040 2281 Ad
1052 2230 1165 2281 Thaidem

57 2295 178 2357 accedam,
187 2295 310 2360 etfingom
320 2310 356 2343 me
367 2295 393 2342 in
404 2296 532 2358 prasentia
542 2311 573 2344 ex
581 2295 669 2344 edibus
679 2295 767 2344 nostris
776 2295 865 2357 egredi.
899 2296 922 2342 0
935 2295 1017 2351 matr,
1027 2308 1058 2342 nn
1073 2294 1165 2358 presec-

56 2364 152 2407 turues
166 2359 258 2424 etiarm
291 2360 344 2411 Tu.
362 2359 434 2413 Hem,
448 2360 572 2421 Parmeno,
590 2357 740 2419 benefecisti
751 2358 817 2433 pud
834 2373 896 2407 arene
915 2373 951 2407 nee
969 2359 1094 2414 emmenis,·
1109 2371 1166 2411 nm

55 2422 311 2499 iturasumquopinm.
335 2424 394 2498 Pu.
413 2425 483 2498 an?
514 2424 571 2499 Tum
589 2422 654 2479 Quid
669 2420 772 2486 queck?
786 2421 1051 2499 Aniene-nonomen?
1074 2422 1165 2498 (Tiro-

54 2485 574 2607 babbatientium.
586 2484 1166 2610 liidiiimiidi‘iitmaiiomffb

55 2615 130 2662 licem
142 2614 212 2679 (qnod
222 2615 352 2664 minantia
369 2614 476 2678 tnuflut)
495 2615 581 2663 Tdnidi
598 2616 655 2661 dare
672 2628 724 2676 que
735 2614 846 2674 nolumus,
864 2628 915 2662 eaor
933 2612 1009 2672 odire,
1027 2619 1051 2662 ei
1068 2629 1120 2663 eum
1136 2628 1165 2665 ed

55 2679 132 2741 loqui.
165 2679 239 2728 Tua.
257 2678 375 2741 Egregia,
385 2677 706 2742 credo,dmru‚bondnoetris
717 2678 877 2740 comparanda.
903 2677 954 2727 Pu.
970 2677 1059 2743 Reipsn
1069 2693 1165 2739 cognos-

56 2923 159 2971 Br.-b
175 2918 263 2967 Verba
282 2919 397 2966 ‘Eamus
410 2952 437 2967 ..
455 2951 462 2966 .
481 2917 543 2966 stns'
558 2931 620 2974 non,
639 2917 707 2966 sicut
719 2917 805 2979 vulgo,
822 2913 954 2974 Parasito,
971 2916 1016 2964 sed
1038 2916 1163 2966 'l'brasoni

57 2983 212 3034 attribuunt
223 2984 257 3043 B,
269 2982 330 3030 Hel.
348 2988 430 3031 recte.
450 2982 523 3031 Botis.
556 2982 600 3030 Sic
619 2981 710 3030 tribuit
727 2987 755 3028 et
772 2981 864 3029 liu—7
880 2979 931 3027 Vel
946 2980 1064 3029 Terentii
1076 2992 1164 3042 causa,

57 3049 155 3099 melius
167 3045 227 3109 qnid
247 3060 427 3108 suggeremus:
446 3046 572 3095 Abdomini
583 3047 644 3094 bnnr
655 3051 744 3094 nutum.
760 3046 839 3094 Beut.
872 3041 1018 3092 Admodum
1029 3045 1162 3107 ingeniosa

58 3120 105 3164 est
116 3110 361 3174 Bennconjectura.
379 3109 455 3160 Zenn.
488 3111 609 3173 interpp.
621 3111 676 3158 bac
689 3123 736 3171 per
744 3108 870 3170 interrog.
882 3108 999 3171 capiunt.
1033 3108 1085 3157 Sed
1098 3109 1163 3158 mire

56 3176 196 3227 blanditur
207 3176 333 3238 praeclara
345 3180 372 3222 et
385 3174 462 3232 digna
476 3176 522 3224 tali
534 3174 636 3235 ingenio
653 3173 768 3223 Bentleii
785 3172 941 3222 emendatio.
959 3173 991 3221 li.
999 3172 1033 3219 D.
1068 3173 1163 3223 Verius

56 3243 143 3291 Bent.
157 3239 286 3301 rescripsit
296 3238 432 3288 Abdomini.
450 3239 511 3301 Bip.
543 3237 669 3287 Abdomini
680 3237 758 3285 lieni.
770 3243 799 3285 ut
814 3237 886 3298 solet,
894 3236 1038 3299 ingeniose.
1071 3237 1113 3284 Ex
1122 3252 1164 3285 ιιο-

57 3306 126 3355 mine
143 3303 270 3352 Scbmeid.
287 3304 354 3351 Peri.
375 3303 419 3362 qui
437 3302 501 3352 illud
519 3303 574 3353 dat.
611 3302 689 3401 Vulgi
703 3298 822 3350 defendit
837 3301 917 3349 Both.
950 3301 1022 3349 Nunc
1040 3314 1086 3361 pro
1103 3302 1163 3350 bunc
1250 3336 1253 3346 ,

59 3365 192 3420 (incidit.
219 3369 275 3417 Dat
289 3366 336 3416 lir.
362 3365 410 3414 Ubi
430 3368 474 3416 nis.
503 3367 569 3415 Num
587 3369 733 3415 moron-9
752 3364 792 3414 nt.
812 3370 848 3415 ert
868 3363 1001 3415 mendose.
1020 3364 1085 3414 Peri.
1121 3366 1164 3415 iiie

59 3432 111 3483 dat
133 3432 179 3481 Br.
196 3431 239 3495 qui
257 3437 284 3482 et
301 3429 438 3480 Hem-to
455 3431 522 3480 Bene
536 3432 576 3492 pol
598 3430 682 3492 jecisti
700 3430 734 3480 G.
751 3431 804 3479 ΕΤ.
827 3430 889 3479 EM.
910 3430 983 3478 Wesi.
1018 3429 1084 3485 Quid
1103 3430 1163 3480 bunc

57 3495 157 3557 videet]
175 3496 281 3559 Legitur
291 3494 317 3542 in
330 3509 354 3544 ο.
367 3495 383 3546 l.
396 3510 416 3544 s.
429 3500 456 3544 et
467 3495 535 3559 apud
549 3496 688 3557 Donatum,
707 3494 781 3556 Quid,
798 3495 859 3544 bunc
873 3510 919 3542 non
933 3495 1015 3543 uideni
1037 3494 1124 3558 itaque
1136 3501 1165 3543 et

58 3562 211 3623 Stephanus
231 3559 371 3623 impressit.
403 3559 462 3608 Stat
480 3567 566 3608 autem
586 3559 680 3608 versus'
694 3559 756 3608 eliso
768 3562 793 3620 d,
809 3574 842 3608 ex
858 3560 866 3588 ⁴
881 3558 967 3610 Quid!
984 3559 1029 3608 Fa.
1065 3558 1163 3606 Omnes

61 3625 173 3676 omuino
191 3625 275 3673 nostri
297 3638 356 3672 cum
375 3623 442 3673 Edd.
461 3631 529 3672 vett.
563 3625 631 3672 Bene
647 3623 688 3686 pol
702 3623 796 3683 fecisti.
831 3623 901 3672 Fieri
913 3629 1008 3685 potest,
1019 3628 1047 3670 nt
1060 3627 1164 3672 vetuste

57 3689 300 3748 dederitNoster,
329 3688 397 3735 Bene
418 3687 458 3750 poi
479 3687 560 3746 fecati.
580 3688 654 3736 Hanc
672 3702 720 3736 non
743 3687 818 3750 rides,
841 3687 921 3736 nostri
940 3686 1060 3734 universi.
1089 3685 1163 3734 Brut.

58 3756 133 3805 Bene
148 3754 187 3814 pol
196 3751 281 3811 fecisti
297 3753 330 3804 R.
347 3752 419 3802 Lind.
451 3752 496 3802 Sic
518 3758 547 3807 et
564 3751 645 3800 editio
664 3751 762 3813 Delpb.
788 3767 847 3816 quse
871 3750 960 3799 ultime
978 3750 1016 3798 lta
1031 3750 1092 3798 dat:
1118 3749 1165 3797 Ec·

61 3817 122 3882 quid
137 3817 199 3865 bunc
217 3814 300 3867 videri
333 3816 458 3865 Botbius:
485 3813 654 3871 durentiae?
688 3812 759 3870 Quo?
776 3818 837 3865 bunc
855 3829 901 3863 non
918 3811 1005 3863 rides?
1030 3813 1061 3862 Z.
1078 3809 1164 3862 durni

59 3885 128 3930 -tt
148 3881 201 3929 Ms.
213 3882 283 3944 Lips.
294 3895 344 3929 uon
358 3879 473 3942 agnoscit
488 3877 517 3927 rb
528 3878 581 3928 tibi.
599 3880 743 3929 West—lss
761 3880 837 3928 Nobis
848 3884 907 3941 post
922 3880 929 3905 ‘
942 3875 1035 3924 licent'
1052 3877 1163 3925 tin-1⁶

61 3945 150 3995 Hand.
185 3944 226 3993 lta
245 3953 273 3993 et
294 3944 440 3993 Priscianus
459 3943 534 4004 citat,
552 3943 618 3992 lust.
639 3944 753 3993 Gramm.
771 3944 815 3992 lib.
828 3955 888 3990 xrv.
901 3947 929 3991 et
940 3954 1015 3989 xvrt.
1048 3939 1100 3988 Aut
1113 3939 1165 3988 Pe·

57 4004 304 4071 rizouio'placebnt.
331 4008 362 4056 Iu
375 4009 448 4056 libris
460 4008 582 4070 antiquis,
593 4009 659 4058 Mse.
669 4016 697 4056 et
707 4008 784 4056 editis
795 4014 932 4068 utrumque
945 4004 1069 4054 invenias.
1086 4003 1164 4053 Ναί.

61 4074 118 4123 Ast
130 4074 220 4122 melius
232 4074 291 4120 milri
303 4071 415 4121 videtur.
433 4074 479 4121 Fa.
515 4074 564 4121 Aut
582 4081 656 4121 recte
674 4071 747 4120 dedit
765 4069 893 4128 Fuiirnus3
911 4069 972 4116 dum
989 4069 1064 4131 ejus.
1076 4067 1166 4130 credo,

62 4136 186 4201 Codices,
197 4145 225 4190 ut
237 4139 320 4189 nostri
336 4151 434 4198 ornnes,
449 4136 576 4186 baberent
586 4136 660 4196 bonu·
678 4136 856 4199 etplausores
873 4133 923 4185 ribi
943 4135 1038 4198 multos
1057 4133 1163 4196 reperit.
