2678 4702
117 302 183 366 312
491 315 521 360 ι.
544 309 725 359 rnnsnrrr
752 307 838 356 nnn:
918 272 922 279 ’

121 459 188 523 ΡΑ.
210 458 300 521 Istuc
316 458 438 539 ipsum.
477 454 548 519 DA.
563 452 675 537 Atque
690 453 778 516 istuc
788 437 904 535 ipsum
919 451 1005 516 nihil
1021 453 1143 535 pericli
1157 458 1216 518 en:

121 660 187 725 Pr.
205 557 410 736 Οιιὲοὲἐΐέ,
423 677 523 741 quam
535 658 677 740 primum
689 655 751 719 hoc
761 673 814 717 me
825 654 929 719 libera
940 655 1112 718 miserum
1123 659 1218 718 metu.

122 759 502 924 LiberoniJitiigriini
518 874 585 922 nou
599 856 659 922 dat
668 855 742 940 jum
754 853 923 919 Chremes.
958 856 1029 920 Pa.
1049 855 1123 936 Qui
1136 855 1219 920 scisl

121 1062 216 1127 Tuus
231 960 328 1146 piitir
337 961 443 1126 infigo
456 1080 509 1124 me
523 1058 714 1144 prehendit:
735 1058 783 1122 nit
796 1058 858 1123 tibi
872 1079 1015 1124 uxorem
1029 1060 1114 1125 dure
1130 958 1219 1124 sesi5

124 1164 261 1229 Hodie:
284 1165 360 1229 item
376 1162 444 1228 ulia
457 1162 574 1240 multu,
589 1179 668 1244 quoe
682 1179 771 1224 nuno
785 1179 853 1224 non
868 1168 924 1226 est
936 1163 1102 1226 narrandi
1117 1163 1216 1226 locus.

123 1264 292 1330 Continuo
307 1265 350 1331 nd
365 1271 398 1330 te
413 1281 596 1348 properans
610 1282 768 1346 percurro
782 1261 826 1328 ud
844 1261 962 1341 forum,
976 1272 1016 1328 ut
1030 1264 1151 1329 dicam
1164 1262 1217 1328 tihi

125 1469 196 1535 Ubi
222 1369 349 1534 telum
378 1468 523 1544 invenio,
549 1467 597 1531 ihi
623 1464 768 1532 ascendo
793 1466 827 1530 in
852 1466 1023 1551 quendam
1051 1466 1215 1531 excelsum

252 1571 372 1635 locum.

126 1743 206 1789 decue
240 1741 293 1788 Cu.
312 1739 433 1801 Intelligis
443 1741 468 1789 id
479 1741 589 1802 quadres
597 1745 642 1789 est.
682 1740 734 1789 Pr.
751 1741 821 1790 Istud
831 1740 906 1802 ipsura
916 1744 962 1788 est.
997 1739 1057 1788 DA.
1073 1738 1151 1802 Atqui
1164 1736 1216 1784 irtel

125 1807 210 1866 ipsun,
219 1805 280 1866 qued
290 1804 368 1862 tiam,
377 1804 467 1852 sethri
476 1803 503 1851 is
512 1818 538 1852 ss
545 1804 614 1853 iudet
623 1805 760 1866 pericula.
794 1805 836 1853 Me
843 1806 905 1852 tide.
938 1803 990 1851 Pr.
1009 1803 1063 1851 Oro
1072 1802 1217 1865 remeate

126 1871 187 1919 herae
197 1868 255 1916 mitt
266 1869 350 1916 mirere
361 1867 469 1916 timoren
480 1867 564 1917 odisse.
596 1869 649 1916 DA.
667 1868 731 1917 Hert
740 1867 827 1918 adim.
861 1867 1031 1926 cti-merjan
1040 1866 1218 1930 tidifilr'nsss

126 1937 282 1982 detererem.
315 1932 365 1980 Pr.
384 1928 611 1985 Quomodotdrcr's?
644 1932 697 1980 DA.
717 1932 832 1992 Εςοκίο.
866 1931 930 1980 Tuus
944 1937 1016 1993 puter
1031 1933 1103 1979 modo
1113 1941 1215 1978 arem

126 1996 296 2060 apprehendit:
312 1996 381 2044 niter
392 1995 461 2044 hodie
471 1995 516 2044 titt
531 1997 706 2058 remendare,
721 1996 779 2044 item
795 1998 845 2045 atio
854 1997 940 2054 medo,
962 2010 1017 2056 prro
1033 1991 1216 2043 commodi

127 2077 187 2110 nunc
197 2066 288 2123 tempus
298 2075 343 2108 non
354 2064 399 2108 ert.
433 2060 501 2112 illico
512 2061 543 2108 ud
551 2065 576 2108 te
585 2074 714 2124 properaris
724 2060 831 2109 αἰσίαν
841 2061 933 2107 cneum
942 2063 972 2106 ud
978 2057 1076 2118 smus,
1090 2063 1117 2106 ιιι
1127 2058 1172 2106 lraec
1179 2053 1215 2104 tili

127 2126 211 2175 dicem.
249 2125 296 2174 Udi
312 2130 336 2173 te
355 2139 401 2172 sos
418 2123 525 2186 tumes
537 2127 635 2173 uuerde
650 2123 738 2174 thideus
757 2124 782 2173 is
799 2125 873 2172 ultam
889 2124 1005 2185 putendum
1022 2123 1117 2180 locem
1132 2122 1214 2171 circen·

592 2262 772 2284 ΟΝΝΝΙΜΟ

127 2380 218 2428 pernes.
237 2364 311 2413 Liud.
347 2362 387 2415 ΑΙ.
404 2378 529 2428 precones.
556 2363 599 2416 ΑΙ.
615 2379 680 2415 cure.
705 2365 777 2414 Psrl.
810 2363 877 2414 lllud
895 2378 997 2424 procos,
1016 2362 1101 2411 hahet
1117 2360 1215 2410 ltu-tt

130 2431 187 2493 Δίᾳ.
198 2429 325 2492 heriprrrm
337 2428 383 2479 Pr.
394 2430 440 2478 lih.
451 2442 484 2478 ιι.
501 2429 574 2479 hired.
606 2428 683 2493 Atqui
702 2428 792 2479 uren.
811 2432 899 2477 1.·-1t
916 2427 990 2475 Uuns
1009 2427 1071 2475 cod.
1091 2441 1125 2476 ex
1142 2424 1216 2485 Regii·

129 2495 200 2543 locat
210 2495 370 2542 numerosius
381 2494 428 2552 its,
440 2493 494 2542 lter·
503 2508 601 2542 uersat
610 2509 657 2543 sorr
665 2495 709 2543 dut
718 2492 773 2555 jors
785 2493 903 2542 Chares.
935 2490 1041 2540 Deinde
1055 2491 1115 2539 Scio
1125 2496 1164 2538 est
1173 2489 1216 2536 iun·
1258 2510 1260 2531 t

127 2560 189 2606 tile:
207 2557 335 2605 nonenim
348 2555 486 2618 respondet
498 2557 702 2621 interrogationi,
713 2571 771 2622 qus:
782 2571 834 2606 nou
843 2565 895 2617 est,
909 2556 957 2604 ‘au
968 2554 1072 2616 sciret‚'
1087 2555 1136 2603 sed
1151 2555 1216 2617 ‘qno-

128 2619 204 2669 modo
216 2619 313 2668 sciret!
345 2619 463 2669 Preiero
475 2620 555 2683 igitur
566 2622 628 2672 lect.
639 2621 735 2671 varium
752 2621 826 2684 Scies,
844 2635 902 2686 quus
921 2628 961 2669 est
979 2620 1007 2669 iu
1023 2620 1141 2681 margine
1151 2613 1216 2667 CCC.

128 2685 203 2734 Bent.
233 2684 291 2732 Just
302 2682 373 2732 delet
388 2684 466 2734 Both.
486 2691 590 2734 etcum
610 2687 681 2735 Peri.
701 2686 747 2735 det
766 2686 907 2735 stiae-ro
923 2684 976 2732 Alii
995 2682 1165 2747 apprehendit:
1180 2677 1216 2729 red

129 2745 278 2812 refragante
288 2748 341 2796 Do.
353 2754 380 2797 et
392 2749 521 2812 plerisque
533 2750 600 2800 Msa.
622 2751 697 2802 Wsst.
724 2749 758 2799 G.
771 2748 828 2799 ΕΑ.
840 2749 902 2798 ΕΜ.
912 2763 967 2812 app.
979 2747 1021 2797 Id.
1032 2750 1059 2796 in
1072 2746 1145 2796 Add.
1169 2743 1217 2792 uro

129 2811 206 2863 codd.
219 2812 355 2862 rotundius
366 2818 393 2862 et
404 2813 494 2862 melius
505 2821 605 2878 pcuuut
621 2813 696 2864 ‘me'
713 2821 774 2863 rute
791 2812 903 2862 ‘modo'
935 2815 1034 2861 Omnes
1046 2805 1218 2861 eternitate

129 2877 370 2935 hahentdursaeser
386 2891 495 2926 nuusex
507 2879 601 2928 nostris
631 2878 747 2928 onitsese
763 2880 838 2937 dure,-
854 2879 920 2926 alter
940 2876 1072 2939 primorie
1092 2883 1161 2924 nota
1177 2884 1219 2920 κα

130 2955 181 2991 uou
192 2941 288 3003 hahet;
306 2941 373 3006 quod
384 2955 443 2992 cum
452 2941 479 2989 in
489 2957 566 2992 versu
576 2955 604 2991 re
624 2941 712 3003 uudet,
726 2943 783 3005 lege
794 2941 859 3002 duri,
875 2949 1010 3004 utsupra,
1025 2955 1046 2989 ι.
1058 2945 1085 2990 2.
1096 2944 1139 2989 2⁰.
1157 2937 1217 2994 Brut.

130 3006 270 3056 Preherdit.
303 3007 429 3056 Nostrum
440 3007 489 3070 [sc.
500 3005 567 3071 epp]
583 3012 658 3056 extat
669 3007 837 3057 iuBCHel.
849 3015 877 3055 et
888 3005 939 3055 Gn.
949 3012 994 3053 utr
1030 3017 1079 3054 ue:
1097 3001 1166 3068 qnod
1175 3000 1218 3073 dc·

130 3072 240 3134 gentius.
274 3071 357 3121 codd.
374 3073 432 3121 durs
449 3086 483 3134 rr,
503 3079 532 3120 ut
553 3072 586 3134 B,
606 3072 646 3120 rel
660 3073 718 3120 dure
728 3085 787 3132 sese,
798 3085 831 3119 ex
843 3069 889 3118 int.
908 3069 981 3118 nort.
1039 3074 1098 3119 eut.
1110 3067 1151 3116 ed.
1160 3067 1218 3115 dm:

130 3135 238 3197 respicit
249 3136 281 3183 ud
293 3149 313 3184 ι.
324 3139 349 3184 2.
361 3140 401 3186 2⁰.
418 3143 445 3185 at
460 3149 508 3198 ego
526 3136 636 3200 respicio
651 3135 684 3183 sd
704 3149 723 3186 1.
740 3141 765 3185 5.
784 3138 808 3185 8.
825 3135 892 3183 Peri.
925 3134 993 3182 Dare
1009 3134 1067 3181 siue
1086 3146 1138 3181 sess
1153 3126 1217 3200 Bell·

130 3196 195 3261 App.
206 3199 253 3248 dat
265 3200 373 3251 its-rr
389 3200 417 3249 Si
429 3214 487 3249 cnm
499 3201 565 3251 Gor.
576 3201 645 3264 legas
660 3199 691 3249 Se
709 3200 777 3248 lrodr'e
794 3199 868 3248 initio
887 3212 986 3260 versus,
1006 3197 1162 3259 praecedens
1177 3194 1220 3240 eut

132 3262 276 3312 trochaicus
288 3265 434 3312 octonarius
450 3265 625 3314 catalecticus.
645 3264 787 3314 Wsst.—-ltl
803 3264 871 3327 (luy.
889 3261 953 3326 legit
972 3263 1080 3322 emendo,
1098 3258 1167 3325 qnod
1176 3255 1218 3329 Vt·

132 3327 231 3375 teribus
243 3333 364 3376 amotum.
380 3328 419 3376 ld.
451 3327 528 3390 ‘lhi,’
544 3328 614 3391 quod
632 3344 647 3377 s
665 3328 765 3377 drrohus
776 3330 872 3377 uostris
881 3326 966 3384 abest,
985 3339 1037 3388 ego
1047 3338 1138 3374 versus
1149 3325 1218 3386 graus

132 3403 229 3452 repono
248 3396 308 3452 post
324 3389 488 3453 ‘quendam’
521 3391 609 3455 Atque
623 3395 722 3442 ascendo
741 3401 810 3440 rnuto
828 3392 854 3440 iu
869 3392 974 3447 cunno,
989 3389 1058 3452 qnod
1072 3389 1217 3448 magnete

131 3454 192 3502 Vct.
205 3453 400 3515 cousuetudine,
418 3459 445 3502 et
461 3456 591 3515 reperitur
602 3456 627 3504 iu
638 3457 695 3506 cod.
707 3467 796 3506 vetere
808 3456 912 3517 Goyeto
924 3455 987 3502 viso.
1005 3454 1083 3505 Bm.
1116 3453 1219 3515 sequm

133 3524 176 3567 tur·
186 3515 289 3593 omuino
302 3516 380 3568 Both.
391 3525 419 3568 et
430 3518 502 3568 Perl.
535 3514 632 3570 Invenio
650 3521 694 3583 ihi,
710 3521 819 3584 oenus,
836 3521 878 3581 lrc.
896 3520 941 3568 Br.
974 3518 1216 3567 vulneraturus:

626 3647 734 3700 NOTAE

134 3751 230 3801 amicus
248 3750 332 3813 timet,
344 3764 376 3801 ne
389 3757 500 3815 egrotus
519 3752 661 3814 moriatur:
701 3750 872 3803 Phormione:
890 3748 997 3810 ‘Fient
1012 3761 1054 3797 me
1066 3745 1146 3798 ride.'
1168 3741 1216 3794 Hoc

135 3828 178 3889 qni
198 3841 259 3877 vero
275 3827 343 3877 illius
362 3826 509 3878 hereditati
526 3827 617 3892 inhiet,
629 3829 660 3877 ti-
702 3829 781 3878 otism
802 3840 896 3891 genere
915 3824 1040 3875 sermonis
1058 3821 1159 3874 Gallica
1178 3818 1218 3869 uti·

30 3910 37 3918 ·
136 3908 189 3949 rnet
211 3909 240 3951 ot
262 3902 394 3968 moriatur,
414 3903 462 3966 vel,
481 3918 514 3954 ue
539 3918 590 3955 non
610 3919 662 3955 mo·
702 3920 769 3968 mur,
782 3919 839 3954 cum
850 3901 982 3967 quippiam
995 3906 1105 3950 autnon
1116 3891 1218 3947 credenti

135 3977 224 4025 riatur.
371 4009 373 4013 <
703 3991 814 4031 autnon
837 3976 992 4040 intelligenti
1010 3975 1167 4039 persuadere
1183 3975 1218 4019 sut

169 4053 199 4096 13
218 4051 259 4099 Me
280 4054 344 4115 side]
372 4054 537 4105 Asseverrtio
558 4056 661 4120 promit·
701 4057 878 4106 demonstrare
890 4053 1017 4116 cupimus.

138 4122 233 4171 tentis:
250 4124 388 4194 Terentius
399 4129 478 4181 etium
495 4145 525 4181 sa
542 4131 623 4182 utitur
634 4135 661 4186 in
