2678 4702
434 284 606 365 nunnoni
631 315 716 363 sor.
730 315 771 371 ιι.
794 315 847 362 su.
864 313 902 360 u.
996 368 999 372 ³
1151 295 1216 360 428

116 463 199 528 Hoc
214 481 338 526 novum
362 467 415 526 est
434 460 636 543 aucupium:
668 477 730 540 ego
752 456 836 521 adeo
858 456 945 520 hanc
960 456 1213 539 primusinveni

245 580 348 629 viam.

116 665 182 730 Est
203 685 308 748 genus
333 664 515 742 hominurn,
541 663 696 746 quiesse
720 662 849 746 primos
873 678 911 724 se
934 658 1081 724 omnium
1104 676 1214 723 rarum

250 766 386 843 volunt,-

115 867 195 933 Nec
222 872 315 930 sunt:
346 867 410 930 hos
434 874 619 931 consector.
667 865 777 929 Hisce
804 884 868 948 ego
893 883 960 929 non
985 883 1068 948 paro
1097 883 1152 928 me
1174 869 1224 927 ut

249 969 402 1048 rideant3

115 1071 189 1135 Sed
202 1071 253 1135 his
267 1071 354 1136 ultro
369 1070 514 1148 arrideo,
529 1075 565 1134 et
580 1088 694 1133 eorum
707 1070 840 1152 ingenia
855 1069 1002 1133 admiror
1017 1069 1128 1133 simul.

116 1170 293 1255 Quicquid
319 1170 449 1248 dicunt,
472 1170 596 1236 laudo:
626 1170 661 1233 id
683 1189 812 1235 rursum
839 1171 870 1234 si
892 1178 1027 1253 negant,
1052 1171 1154 1235 laudo
1179 1172 1216 1237 id

250 1291 397 1355 quoque.
508 1285 510 1288 ’
1173 1277 1217 1342 20

116 1372 237 1454 Negat
245 1374 344 1458 quisi
356 1393 455 1455 nego:
470 1374 539 1438 aiil
556 1372 622 1438 aio.
638 1372 816 1439 Postremo
825 1363 987 1458 imperavi
996 1379 1216 1458 egometmihi

115 1473 244 1538 Omnia
258 1476 435 1539 assentari.
480 1475 517 1539 ls
532 1480 684 1559 quaestus
700 1495 788 1539 nune
804 1483 856 1541 esi
870 1478 973 1543 multo
987 1479 1184 1546 uberrimus.

115 1575 188 1643 Pr.
218 1576 347 1641 Scitum
371 1576 482 1642 hercle
506 1577 695 1642 hominem!
728 1576 783 1642 hic
810 1579 959 1643 homines
988 1600 1143 1664 prorsum
1171 1601 1219 1647 ex

144 1700 148 1709 .
250 1678 620 1743 stultisinsanosiacit.

116 1778 191 1844 GN.
216 1778 305 1842 Dum
319 1780 392 1844 haec
407 1780 586 1866 loquimur,
608 1783 736 1847 interea
749 1782 816 1846 loci
831 1781 876 1846 ad
889 1782 1069 1849 macellum
1083 1785 1140 1850 ubi
1156 1783 1215 1850 ad·

252 1882 419 1958 venimus,

115 1982 330 2050 Concurrunt
343 1983 413 2048 laeti
428 1983 472 2047 mi
488 1984 622 2047 obviam
638 1982 847 2066 cupedinarii
864 2003 993 2059 omnes,
1173 1987 1217 2052 25

116 2085 260 2161 cetarii,
276 2085 370 2163 lanii,
387 2086 500 2167 coqui,
515 2085 669 2162 sartores,
684 2086 884 2169 piscatores,
900 2103 1067 2168 aucupes3

116 2305 319 2365 mpamdimrdas.
353 2304 418 2360 Quis
436 2303 914 2367 egoipsedauteaptartdiariemisvssi.
947 2305 1080 2368 Esigemu
1090 2305 1220 2366 demittam,

117 2368 160 2431 pai
169 2369 296 2430 primatis
307 2369 410 2418 omuibus
421 2369 489 2417 relata
506 2382 532 2416 se
548 2383 597 2416 esse
607 2370 698 2429 volant,
714 2384 756 2418 aar
765 2374 838 2427 sustu
848 2368 955 2432 quamam
964 2370 1040 2418 sideri
1049 2371 1133 2420 uelint.
1166 2368 1221 2418 Hos

115 2438 254 2481 emseetarr
270 2434 308 2482 lis
324 2447 367 2494 ego
379 2448 424 2482 sorr
435 2434 516 2481 studeo
525 2432 642 2481 ridiculas
651 2447 707 2492 esse,
714 2435 755 2481 sed
765 2433 803 2481 iris
811 2437 893 2496 sparte
903 2434 954 2482 tiss
964 2433 1088 2496 mentiar,
1106 2438 1130 2483 et
1141 2447 1221 2482 aarum

116 2510 197 2545 mares
208 2510 260 2546 tras
270 2497 426 2546 admiratione
433 2496 536 2560 pedica
544 2511 554 2554 ,·
569 2495 680 2559 quiequid
690 2498 782 2561 dicant,
801 2498 887 2556 mador
903 2498 925 2546 si
943 2512 1024 2547 musas
1038 2498 1065 2547 id
1079 2500 1177 2560 mart,
1194 2497 1221 2547 id

117 2559 232 2610 similiter
242 2576 322 2623 segor
337 2561 440 2622 siaegat
456 2561 519 2624 quis,
535 2561 650 2623 aegorsi
669 2562 771 2627 affirmat
790 2563 847 2625 qaid
861 2576 921 2624 esse,
937 2564 1037 2626 affirma.
1068 2561 1179 2627 Denique
1194 2562 1222 2612 is

114 2625 476 2686 animamiadssiomrriailiis
486 2625 612 2675 assentari.
645 2625 676 2674 ld
690 2627 780 2674 lacrum
798 2642 859 2675 aare
875 2631 911 2676 est
927 2629 995 2677 saida
1010 2627 1135 2691 copiarum.
1169 2626 1220 2678 Pr.

118 2689 243 2750 argutam
259 2690 389 2740 muheres&
403 2690 533 2738 dominam:
550 2690 588 2737 lia
604 2689 708 2738 damires
724 2705 755 2738 ex
764 2692 846 2739 attritis
846 2706 951 2760 prarsrts
961 2693 1056 2741 insanas
1066 2689 1221 2752 mestafasii.

116 2752 174 2802 Gra.
193 2754 289 2802 interm
298 2755 354 2803 dam
366 2755 391 2803 ii
406 2768 527 2803 sermones
532 2753 596 2801 ister
605 2769 647 2802 sas
656 2753 779 2811 lraieswr,
788 2761 859 2818 atque
869 2754 910 2805 adi
919 2755 1036 2814 adseram
1047 2759 1158 2819 resimas,
1169 2769 1221 2804 aeas

117 2823 245 2866 assumti
255 2819 313 2867 miii
322 2818 430 2867 celeriter
439 2818 527 2866 hilares
537 2817 667 2880 cupediarii
678 2831 764 2874 martas,
775 2821 897 2880 epularum
906 2820 1070 2869 delicatiorum
1080 2822 1223 2878 venditores,

115 2881 251 2946 popinarii,
267 2883 363 2944 suarii,
378 2882 419 2947 qai
436 2883 589 2946 pregrandes
603 2882 680 2944 pisces
695 2883 807 2944 vendant,
826 2882 1098 2947 laaioms‚saraimissm
1107 2883 1220 2948 artifices,

586 3023 763 3047 ΝΟΙΜΜΙΟ

117 3144 238 3194 sarsum
254 3141 327 3190 Peri.
360 3140 419 3190 Hoc
435 3139 600 3189 datiis-19
616 3139 658 3188 Set
676 3140 714 3188 itis
731 3140 794 3188 altro
811 3138 913 3189 arrideo.
946 3141 1016 3204 Lege
1035 3143 1079 3194 Set
1097 3147 1132 3195 eis
1148 3149 1220 3202 altra.

118 3210 228 3259 Frustra
239 3207 307 3255 enirn
319 3214 360 3254 est
371 3211 399 3254 et
410 3205 445 3253 nil
462 3211 596 3268 promovet
609 3203 748 3252 virdoetns
776 3217 834 3253 enm
851 3205 953 3268 reponit
965 3206 1005 3256 iis.
1023 3208 1100 3271 Bent.
1135 3213 1224 3279 Sequi.

117 3270 254 3323 tanotir.
287 3270 333 3318 Eis
343 3269 388 3318 dat
400 3277 426 3318 et
439 3268 576 3317 Peri—2⁰
594 3267 672 3316 Hunc
685 3282 722 3316 vs.
742 3239 814 3317 delet
826 3268 905 3318 Botir.
942 3271 995 3320 Dat
1014 3273 1059 3322 Br.
1078 3276 1156 3326 laudo.
1189 3279 1222 3330 Id

117 3351 210 3402 quaque
226 3335 318 3396 Negat,
335 3336 440 3395 &a-il
459 3333 541 3394 Negat
560 3333 628 3396 quisi
651 3347 727 3393 aega.-
744 3332 798 3381 aiii
813 3333 860 3383 aio.
894 3335 967 3385 citat
985 3335 1079 3387 Cicero
1098 3340 1223 3395 inbelle

118 3403 234 3464 eamd.
247 3405 344 3463 quanto
362 3397 442 3461 magis
459 3398 561 3459 mirum,
579 3397 645 3446 huuc
666 3411 767 3446 versum
787 3397 892 3461 Guyeta
911 3401 1025 3464 spurium
1044 3403 1136 3456 videri.
1171 3408 1224 3459 Ex.

118 3464 207 3529 pressi
217 3478 275 3514 anm
287 3462 489 3523 interrogatione
501 3461 647 3511 Gnathonis
659 3462 748 3522 verbs,
764 3462 834 3525 qrtod
855 3470 884 3513 et
902 3463 969 3514 feeit
988 3467 1056 3516 Dae.
1074 3469 1181 3535 majore,
1196 3473 1223 3523 ni

116 3529 208 3590 failor,
229 3527 354 3591 emphasi.
382 3526 459 3576 West.
495 3527 570 3576 Hanc
590 3526 692 3576 verbor.
715 3526 875 3589 antiphrasin
896 3543 944 3593 per
964 3531 1117 3596 interrogat.
1139 3537 1222 3586 West.

117 3595 202 3644 Bent.
214 3592 291 3642 Both.
303 3590 412 3655 exprim.
424 3590 594 3640 incommode.
630 3592 690 3641 Non
701 3591 738 3640 ita
749 3591 795 3640 Fa.
807 3592 852 3641 Er.
865 3594 927 3644 Par.
946 3595 1017 3646 Mur.
1035 3596 1108 3661 [Bip.
1123 3599 1153 3649 Ζ.
1164 3599 1223 3664 Βι.]

117 3659 257 3719 Palem
274 3655 325 3705 His
336 3668 384 3719 pro
396 3654 423 3702 Is
435 3655 545 3705 Ere—24
563 3656 611 3705 Udi
621 3656 731 3704 serimus·
763 3656 863 3705 Versus
875 3665 992 3722 constat,
1008 3660 1144 3717 siverimus
1155 3677 1222 3726 proe-

115 3723 203 3772 sentis
214 3721 249 3770 sit
264 3721 397 3783 temporis,
410 3720 456 3768 ‘vei
475 3729 547 3769 certe
566 3720 669 3783 legatur
685 3721 847 3785 adventamus,
863 3728 893 3771 ut
910 3722 936 3770 in
954 3723 1030 3772 Bern.
1047 3733 1097 3785 est,
1113 3734 1141 3774 et
1160 3741 1222 3777 uan-

114 3785 201 3836 nullis
210 3786 265 3834 aliis
276 3784 356 3845 libris,
371 3790 512 3834 attestante
523 3784 583 3834 Riv.
614 3785 682 3834 Sane
693 3785 719 3832 in
731 3784 844 3850 antiquis
854 3787 912 3835 aliis
923 3785 995 3835 libris
1013 3795 1053 3836 est
1072 3791 1223 3851 adsmimss5

114 3849 253 3916 quod'uou
265 3851 303 3898 ita
313 3849 421 3898 multum
433 3848 515 3899 distat
524 3849 722 3898 abadserrtamus.
735 3849 780 3898 Fa.
814 3851 885 3899 Vera
895 3850 972 3900 lectio
982 3858 1022 3900 est
1031 3853 1175 3917 mesore,
1193 3866 1223 3907 ut

116 3916 236 3982 quinque
247 3928 280 3962 ex
291 3913 385 3963 nostris
397 3912 503 3965 habent.
521 3913 719 3964 Beut.-25.'2ti
737 3913 887 3964 Concurrunt
895 3915 947 3964 lati
956 3915 990 3963 mi
1004 3915 1096 3966 ebriam
1114 3921 1222 3984 repperti.

620 4041 729 4094 NOTAE

144 4155 179 4201 22
196 4146 336 4213 amr]
354 4149 465 4214 Proprie
476 4154 636 4201 mentamur
645 4163 718 4215 roca,
729 4149 865 4200 adulemur
876 4153 963 4213 pastu,
973 4147 1120 4201 blandimur
1129 4158 1209 4204 tastu.
1298 4136 1301 4143 ’
