2678 4702
123 290 189 358 272
544 279 797 363 aauuunura.

157 448 329 499 cluametem.
361 446 412 497 sed
429 459 495 497 nare
506 445 601 509 hacta,
611 444 684 497 veuit
700 447 775 496 almul
792 460 851 497 curn
869 452 952 511 nepte
968 446 1059 498 adhue
1071 445 1223 513 pervadari

156 529 264 579 loculum
282 527 444 589 Greocrnm,
461 525 564 575 numine
576 525 705 590 Andrum,
716 526 802 591 lblque
818 524 879 576 dum
896 537 1049 577 moraretur
1070 543 1120 591 per
1134 530 1224 594 aliquot

156 608 213 658 diea
231 609 256 657 in
275 608 388 672 hoepltio
406 607 538 671 cujusdam
555 608 605 656 riri
623 608 668 672 qui
685 606 797 657 habebat
815 605 894 659 tiliana
913 608 1049 657 vocabulo
1069 609 1223 673 chryaidau,

156 693 240 738 morte
257 696 405 751 proereutua
416 695 465 738 eat.
500 689 558 739 Nee
570 689 650 738 multo
666 695 727 752 poet
747 693 824 752 pater
835 687 970 753 Chryaldia
986 703 1098 754 qnoque
1114 689 1221 740 moriter.

154 770 219 818 'l‘um
241 769 292 818 ille
312 768 370 818 due
389 769 484 831 puelle
506 768 540 819 ab
559 767 650 818 Andro
672 766 878 832 prodcieeeutea,
895 781 956 816 cnm
974 768 1036 818 aliia
1061 770 1224 834 pediaaequb,

154 847 272 898 Athenae
289 847 460 912 devenerunt,
478 847 596 912 ialacque
614 846 747 905 Paaibuh,
765 861 823 912 que
841 852 869 897 et
888 847 1057 912 Glycerium,
1077 849 1222 900 credebatur

154 942 227 977 aoror
237 941 295 978 erae
312 927 446 991 Chryaidia
456 927 491 978 ob
502 926 639 977 maximam
654 925 867 976 familiaritatem.
899 925 957 976 lllia
973 942 1085 993 quque
1101 927 1220 980 diebraet
1255 962 1256 973 ,

155 1008 279 1058 Chremen
290 1023 407 1058 rereraua
416 1015 466 1070 eat,
476 1013 551 1072 pater
560 1006 703 1069 Paaibulre‚
713 1021 772 1056 eum
782 1007 832 1056 alia
842 1006 904 1069 tilia,
912 1006 1080 1058 Philumena
1089 1009 1218 1060 uoariaata.

154 1087 289 1150 Attamen,
301 1103 359 1138 cum
377 1088 452 1138 simul
466 1103 518 1138 uua
536 1089 563 1138 lu
575 1088 638 1138 urbe
654 1087 815 1152 habitarent,
824 1088 948 1137 Chremen
961 1095 991 1137 et
1010 1088 1071 1138 lilia
1086 1091 1141 1153 ejne
1155 1089 1218 1140 Pari·

155 1168 225 1231 bula,
240 1183 298 1234 qua
314 1177 342 1218 et
361 1169 522 1233 Glycerium,
541 1168 676 1218 anemiue
692 1167 894 1233 aguoacebatar,
907 1166 978 1233 qnod
994 1167 1055 1219 filia
1075 1170 1131 1234 ejus
1147 1175 1216 1219 earet.

153 1250 213 1299 Non
230 1250 299 1299 enim
316 1250 519 1313 recognoscebat
534 1250 614 1312 illam,
624 1249 745 1314 quoniam
760 1247 898 1299 admodum
915 1249 1028 1312 parvula
1044 1257 1116 1311 erat,
1126 1247 1215 1314 quando

153 1330 211 1395 ipae
233 1329 267 1380 ab
289 1331 397 1379 Athenio
418 1329 582 1394 demigravit.
614 1331 673 1381 Gon
696 1338 814 1395 tempore
835 1329 906 1380 Simo
924 1329 1035 1394 qnidam
1059 1330 1213 1382 Atheniensis

154 1410 321 1476 deaponaavit
338 1409 392 1461 filiu
410 1424 457 1460 ruo
469 1409 607 1475 Pamphilu
621 1408 699 1459 liliam
709 1410 853 1460 Chremetia
864 1410 1061 1462 Philumenam.
1095 1412 1156 1474 Sed,
1164 1411 1213 1461 dau

154 1506 213 1541 cum
231 1491 288 1541 allia
301 1490 443 1555 juvenibua
452 1487 653 1553 Pamphilae-ad
665 1488 769 1538 domum
778 1489 913 1553 Ghryaidla
923 1492 1079 1542 meretricia
1089 1503 1212 1542 conconc-

154 1580 204 1634 ret,
216 1586 266 1622 nou
278 1578 387 1636 propter
397 1572 490 1636 ipram,
500 1571 546 1622 aed
559 1578 668 1636 propter
678 1570 838 1635 Glycerium,
848 1583 907 1634 quae
919 1567 988 1620 falae
1004 1585 1083 1622 eoror
1094 1569 1211 1635 Chryaidu

153 1653 318 1714 credebatur,
329 1651 435 1702 ulmlnm
446 1653 528 1702 iratua
545 1656 621 1716 pater
636 1651 692 1716 ejua
711 1650 781 1700 Simo
800 1649 931 1700 aimularit
941 1665 971 1700 ae
982 1650 1055 1702 relle
1071 1653 1172 1716 nuptiae
1181 1666 1213 1700 ae·

153 1732 280 1789 celerare,
288 1732 429 1795 etatuitque
445 1731 513 1780 diem
534 1731 692 1795 nuptiarum,
703 1729 807 1794 quando
825 1727 894 1779 tiliua
910 1730 968 1793 ejuu
984 1729 1068 1780 illlam
1083 1729 1212 1782 ameria

156 1811 344 1871 Philumenam,
361 1824 438 1873 quam
454 1810 479 1858 ei
491 1810 706 1872 desponsaverat,
716 1807 902 1870 duceret,lillo
917 1815 1002 1859 totum
1021 1811 1212 1875 ignorantem

153 1889 210 1938 lene
220 1887 342 1952 probare,
349 1887 372 1936 ei
383 1901 471 1937 verum
480 1893 560 1950 earet,
568 1887 637 1952 quud
648 1887 682 1936 de
693 1885 748 1937 filio
758 1887 890 1953 audiebat,
901 1887 1020 1940 dumille
1032 1897 1079 1941 aut
1090 1894 1213 1956 aperueret

153 1968 333 2018 Philumenam
350 1972 457 2031 propter
471 1973 586 2017 ecortnm
605 1981 662 2032 qna
680 1966 815 2017 dicebetur
826 1967 980 2032 Glycerium
995 1976 1044 2020 aut
1056 1969 1136 2021 etiam
1144 1969 1213 2021 daoe·

153 2054 204 2099 ret.
238 2047 358 2098 Habebat
374 2056 461 2101 autem
477 2047 600 2097 libertum
618 2061 692 2098 ruam
711 2047 816 2096 nomine
825 2045 924 2097 Sosiam
939 2053 969 2097 et
986 2061 1095 2101 aereum
1110 2049 1212 2110 Dama,

150 2135 259 2194 quorum
278 2128 387 2178 coneilio
398 2127 523 2178 credebat
540 2127 621 2177 lilium
638 2141 724 2177 amare
742 2126 904 2190 Glycerium,
914 2131 953 2189 et,
962 2127 1027 2178 dum
1044 2130 1085 2181 eia
1102 2126 1212 2182 maniter·

154 2207 356 2272 tmeetquidam
373 2207 533 2258 renuntiavit
549 2207 634 2256 omnia
650 2205 796 2269 Pamphilu,
806 2204 860 2255 filio
876 2205 955 2256 illiua.
987 2207 1054 2272 Qui,
1068 2209 1132 2274 qnia
1145 2206 1211 2260 ΕΜ

151 2287 264 2337 habebat
279 2285 428 2350 promissam
447 2284 583 2348 Glycerio,
594 2285 695 2348 juravit
712 2285 784 2333 nullo
803 2284 878 2334 modo
897 2298 956 2335 eam
974 2285 1122 2342 dimittere.
1150 2288 1211 2338 lbet

151 2368 243 2418 Darna
253 2365 423 2414 mtutieeimua
439 2364 512 2414 dedit
530 2363 555 2413 ei
565 2363 710 2426 coneilium,
726 2372 855 2428 quatenua
872 2363 1053 2430 interrogatur
1064 2373 1166 2431 epatre
1178 2365 1210 2420 ut

150 2461 237 2509 mune,
247 2446 269 2495 ai
283 2446 362 2495 vellet
378 2445 557 2494 Philumenam
574 2443 680 2506 ducere,
690 2457 740 2492 non
752 2449 918 2507 repugnaret,
927 2445 974 2495 aed
993 2460 1024 2496 ae
1036 2448 1106 2499 uelle
1117 2446 1210 2499 obeuu

150 2527 264 2586 diceret,
285 2526 375 2588 dicque
396 2525 500 2573 delnaua
518 2530 595 2588 puter
615 2526 782 2588 prolongaret
801 2525 871 2589 iprae
888 2526 1013 2590 neptim
1037 2528 1129 2593 sicque
1147 2525 1209 2577 feeit.

151 2605 204 2655 Sed
224 2604 357 2661 Chremen,
375 2609 402 2652 ut
414 2603 480 2652 vidit
498 2610 587 2653 natum
607 2606 742 2667 puerulum
759 2619 793 2654 ex
812 2605 944 2670 Glycerio,
956 2607 1209 2673 recuraritnnptiat,

150 2685 270 2749 ignoraus
282 2684 433 2748 Glycerium
444 2683 523 2733 filiam
540 2699 599 2734 eaae
614 2700 697 2735 auant.
729 2686 801 2734 Tunc
819 2686 944 2750 temperis
955 2689 1113 2752 supervenit
1123 2689 1156 2738 ab
1166 2687 1208 2738 uu

151 2766 199 2815 dra
211 2767 250 2816 vir
260 2764 362 2815 nornine
374 2764 459 2823 Crito,
470 2769 594 2828 cognatur
610 2761 692 2829 patrie
710 2760 862 2828 Clrryeidie3
877 2772 967 2831 atque,
978 2767 1042 2817 dum
1060 2768 1130 2818 inter
1139 2769 1208 2819 Simu

151 2861 211 2897 nem
233 2853 261 2896 et
284 2846 446 2895 Chremetem
466 2844 685 2910 Pamphilumque
707 2844 844 2895 altercatio
867 2851 947 2909 earet,
966 2846 1129 2914 nimiumque
1149 2849 1208 2898 Sino

149 2926 230 2976 iratus
242 2934 312 2977 esset
321 2926 374 2977 iilic
385 2943 432 2976 auu
444 2925 590 2991 Pamphilo,
599 2925 707 2974 aduenit
725 2925 799 2975 crito
810 2925 924 2976 Andriua
940 2933 969 2976 et
980 2927 1090 2978 edocuit
1107 2930 1158 2980 ieta
1166 2943 1208 2981 ou·

150 3008 194 3057 nia
208 3007 326 3072 nuperius
338 3007 419 3069 dicta,
429 3007 580 3071 Glycerium
599 3003 722 3054 uidelicet
741 3004 819 3055 filiam
840 3021 898 3056 erre
914 3007 1071 3058 Chremetis.
1105 3010 1149 3073 Er,
1159 3007 1208 3074 qnia

150 3088 314 3149 Philumena,
324 3102 400 3153 quam
412 3088 436 3136 ei
448 3094 525 3151 pater
541 3085 754 3149 deupnnaaverat,
765 3088 837 3136 aordr
853 3094 912 3137 erat
929 3087 1059 3151 Grynem,
1071 3090 1177 3154 placuit,
1186 3094 1208 3136 ut

148 3168 301 3230 Pamphilus
313 3167 462 3233 Glycerium
472 3167 580 3217 haberet
590 3181 598 3226 ;
615 3165 795 3215 Philumenam
804 3180 866 3218 vero
877 3167 950 3218 dedit
959 3167 1086 3218 Chremen
1098 3170 1207 3229 Charino,

150 3247 194 3311 qui
205 3262 260 3296 eam
273 3246 368 3297 ducere
377 3249 488 3298 volebat.

116 3325 213 3375 Sensus
231 3341 292 3375 vero
308 3327 390 3375 totiue
412 3326 507 3375 fabulae
525 3327 575 3376 iste
588 3333 638 3389 eat,
649 3326 695 3377 aed
715 3327 837 3378 Comicus
857 3328 923 3378 miro
934 3341 992 3378 earn
1008 3328 1133 3380 dilatavit
1143 3328 1207 3380 modo

149 3404 282 3468 multaque
300 3405 409 3454 honesta
425 3405 541 3454 inseruit.
575 3404 739 3470 Argumenta
757 3415 785 3458 et
801 3409 924 3473 prologos
942 3409 1006 3459 licet
1017 3410 1125 3475 quidam
1144 3415 1207 3460 autu-

148 3489 222 3531 rnent
240 3497 255 3532 a
274 3481 401 3546 Caliopio,
418 3482 475 3546 ejus
493 3484 643 3546 recitatore,
657 3499 715 3535 eane
734 3489 902 3552 compositos,
915 3496 1003 3538 tamea
1020 3490 1167 3554 sciendum,
1181 3487 1207 3538 ab

148 3560 241 3613 endem
262 3563 367 3613 Comico
383 3562 461 3613 suinae
481 3565 648 3630 compositae,
660 3571 728 3616 teate
745 3567 888 3631 Princiauo,
903 3570 947 3633 qui
966 3569 1125 3621 verriculum
1144 3567 1208 3636 priui

147 3642 247 3708 prologi
263 3641 451 3707 inexemplum
470 3647 557 3695 sumit.
592 3644 624 3695 In
643 3646 757 3710 protagia
774 3652 861 3697 autem
872 3648 935 3697 nihil
947 3648 1017 3699 aliud
1031 3647 1207 3715 detenditubi

147 3722 217 3788 qnod
228 3723 324 3773 aemulis
337 3731 365 3773 et
376 3726 604 3789 reprehensoribua
621 3727 674 3775 auia
691 3727 843 3791 respondet,
853 3728 941 3793 sicque
952 3727 989 3778 ibi
1008 3728 1044 3780 de
1061 3745 1090 3781 ae
1102 3731 1173 3797 quari
1181 3731 1208 3780 de

147 3803 200 3852 alio
218 3802 341 3867 loquitur.
372 3804 443 3854 Illud
461 3819 572 3870 quinque,
592 3805 661 3870 quod
680 3805 706 3854 in
724 3805 777 3856 line
798 3808 911 3858 omnium
931 3807 1080 3861 fabularum
1096 3810 1207 3872 habetur,

147 3881 229 3932 rerba
239 3890 301 3932 aunt
311 3883 432 3949 Caliopii,
448 3883 504 3948 ejua
521 3883 688 3946 recitaturis,
704 3887 758 3951 qui,
768 3886 828 3936 dum
846 3887 959 3938 tabulam
972 3891 1150 3955 terminasset,
1164 3892 1207 3942 elo·

147 3962 227 4012 rabat
242 3964 361 4013 auleanr¹
380 3979 465 4014 scene
482 3969 510 4013 et
528 3963 710 4029 alloquebatur
719 3969 844 4034 populum
863 3969 968 4021 dicene:
985 3969 1042 4022 Voa
1058 3968 1155 4039 valete,
1169 3982 1207 4022 roa

145 4041 277 4106 plaudite;
293 4044 347 4095 aire
359 4045 456 4096 Favete
468 4049 496 4094 et
506 4043 632 4109 plaudite.
1175 4056 1178 4063 ·

429 4144 442 4190 l
461 4140 624 4206 legeretur.
641 4141 702 4195 Vid.
713 4143 796 4197 Pref.
809 4145 898 4198 um.
