2678 4702
407 321 580 372 suuucur
605 320 689 369 scr.
705 320 757 368 ιν.
779 320 833 368 sc.
852 321 916 368 uri.
1147 307 1214 373 497

112 470 239 535 Omnia
252 468 348 553 prius
363 467 524 552 experiri,
538 484 641 551 quam
655 466 771 543 armis,
787 466 970 549 sapientem
985 461 1092 531 decet.

113 573 186 652 Qui
210 575 291 650 scis,
310 590 363 647 an,
389 589 465 654 quaa
484 570 635 654 jubeam,
659 568 730 633 sine
751 567 786 633 vi
801 568 928 633 saciati
972 566 1044 633 Gn.
1068 566 1116 632 Di
1138 586 1217 632 vos·

246 678 331 737 tram
345 669 465 735 fidem!
1173 671 1218 736 20

115 776 247 857 Quanti
262 780 315 837 est
329 771 465 855 sapore!
487 789 658 854 nunquam
685 768 823 848 accedo,
849 765 931 854 quin
956 769 1018 835 abs
1041 778 1076 837 te
1099 773 1218 838 abeam

247 874 389 939 doctior.

117 979 217 1043 Tun.
240 975 359 1052 Thais,
373 953 590 1058 primum‘hoc
602 972 683 1037 mihi
694 970 876 1057 respond03
890 990 967 1037 cum
980 973 1045 1038 tibi
1059 972 1104 1039 do
1119 975 1220 1040 istam
1320 989 1323 993 ⁴

248 1076 419 1158 virginem,
1139 1085 1143 1091 ·
1271 1130 1273 1135 ι

120 1176 254 1245 Dixtin'
280 1177 342 1240 hos
371 1174 452 1239 mihi
473 1174 549 1241 dies
583 1174 648 1240 soli
681 1173 761 1239 dare
788 1175 845 1238 tet
902 1174 996 1239 Tun.
1020 1172 1117 1254 Quid
1147 1180 1219 1241 tum

204 1286 210 1301 ⁴
251 1277 394 1362 posteat
494 1275 496 1279 ’

119 1381 218 1444 Tun.
240 1379 412 1460 Rogitast
443 1397 520 1462 quae
549 1376 632 1442 mihi
654 1384 732 1441 ante
753 1376 871 1442 oculos
899 1396 1011 1442 ooram
1039 1382 1222 1444 amatorem

252 1478 398 1544 adduxti
413 1485 526 1547 tuum!

120 1705 177 1738 mox
194 1690 306 1754 impetum
317 1691 441 1750 foebam?
472 1690 547 1740 Tun.
564 1691 655 1752 Mane,-
681 1691 760 1740 omntn
774 1693 842 1756 prins
858 1691 961 1753 concidi
968 1692 1103 1756 pumentia,
1120 1689 1226 1768 mamni

119 1769 249 1816 arcumen,
264 1760 356 1804 tentare
374 1756 503 1819 sapientem
517 1755 632 1805 conuenit.
673 1756 781 1806 Fortasse
800 1772 853 1820 qua
867 1754 962 1817 nna,
983 1757 1050 1806 natta
1069 1758 1095 1806 vi
1111 1756 1227 1818 adbibita,

114 1820 218 1877 factura
227 1823 272 1867 est.
305 1818 360 1869 Gn.
377 1819 423 1868 Dii
432 1825 535 1868 noemam
542 1819 640 1884 fidem!
654 1821 738 1883 qrmnti
747 1820 901 1870 aesfimnndns
910 1827 946 1874 est
956 1821 1005 1885 ille,
1019 1821 1060 1885 qai
1069 1821 1153 1886 sapit!
1167 1834 1227 1869 nan·

120 1885 230 1946 quemad
238 1888 262 1933 tc
271 1885 363 1942 accedo,
373 1884 429 1946 quin
439 1884 529 1932 ductim
538 1885 651 1932 reccdam.
684 1885 755 1932 Ture.
776 1885 856 1942 Thais,
864 1885 968 1948 pmmum
978 1887 1021 1935 boc
1030 1885 1089 1934 milti
1099 1885 1211 1948 responde
1217 1894 1232 1943 ,·*

122 1962 177 1996 mm
187 1948 232 1996 tibi
242 1949 323 1996 darem
332 1947 404 1995 istan
414 1947 541 2009 virginem,
553 1962 628 1996 nonne
637 1947 697 1996 irriti
710 1948 841 2010 promisisti
851 1949 893 1997 lios
902 1949 953 1997 dies
966 1949 1010 1997 soti
1020 1949 1079 1997 mibi
1097 1954 1120 1998 te
1137 1962 1227 1996 emmer·

121 2017 224 2060 euram?
255 2013 307 2061 Tu.
326 2011 391 2067 Quid
401 2017 451 2060 tam
459 2016 557 2075 posteat
580 2012 653 2060 Tun.
671 2011 770 2060 istudne
778 2027 858 2076 rogas,
868 2028 920 2076 prere
931 2013 990 2062 mibi
1000 2028 1077 2062 coram
1087 2018 1141 2062 ante
1151 2012 1227 2061 senua

589 2169 768 2190 mm

124 2296 221 2345 Festus
241 2294 272 2343 In
290 2308 367 2357 quom
401 2294 468 2344 Pall.
488 2300 542 2344 tres
562 2295 689 2344 imunmas.
721 2296 843 2345 Ceterum
862 2294 945 2357 magis
963 2294 1050 2358 placet
1068 2295 1231 2346 exclamandi

124 2368 189 2408 nota
203 2357 290 2416 Parei,
307 2372 381 2421 quarn
394 2358 571 2420 interrogandi
583 2360 699 2409 aliorum.
715 2361 783 2409 Peri.
817 2360 946 2408 Punctum
961 2361 1098 2408 rrraximnm
1114 2359 1158 2408 dat
1170 2361 1231 2424 Bip.

126 2426 250 2473 tenuemus
258 2420 350 2471 Guelf.
362 2426 454 2472 2.-19
473 2424 530 2484 Nae,
547 2437 637 2485 parurn
657 2423 787 2472 consuluit
804 2423 864 2471 huic
880 2422 938 2470 ioco
957 2423 1088 2486 Guyetus,
1105 2425 1231 2486 glossema

127 2501 223 2536 vocans
234 2485 264 2534 rb
273 2486 414 2548 sapientem,
430 2501 482 2549 qno
493 2494 548 2535 tota
559 2487 680 2550 gloriatio
691 2489 846 2536 continetur.
882 2487 904 2536 E
918 2487 1023 2549 Dionys.
1043 2487 1110 2536 citat
1121 2488 1232 2537 Linden-

126 2551 250 2600 brucbius
260 2566 266 2598 ε
285 2549 325 2607 Μὴ
333 2549 445 2614 πρότερον
452 2548 517 2612 ἄρξαι
525 2553 574 2600 τῶν
583 2548 667 2615 ἔργων,
675 2550 729 2615 πρὶν
738 2551 754 2610 ἢ
764 2551 915 2613 πειρασθῆναι
924 2553 971 2599 τῶν
977 2548 1063 2612 λόγων.
1095 2552 1148 2602 Qui
1161 2553 1232 2602 locus

127 2614 201 2664 favet
212 2613 319 2663 lectioni
329 2615 488 2678 quorundam
498 2615 644 2674 Librorum,
651 2617 757 2679 experiri
767 2616 843 2665 uerbis
853 2617 1006 2679 legentium,
1016 2616 1049 2664 ob
1062 2617 1233 2666 octonarium.

128 2680 161 2729 In
171 2678 230 2727 aliis
242 2685 292 2740 est,
307 2679 412 2740 canutio,
430 2677 499 2742 quod
511 2688 539 2729 et
549 2681 619 2742 apud
632 2682 744 2729 Nonium
756 2682 836 2740 legas.
869 2681 948 2729 Prius
966 2679 1085 2729 defendit
1103 2681 1233 2738 Muretus,

129 2742 295 2806 improbante
306 2742 401 2791 Rivio:
419 2743 526 2791 laudans
535 2745 590 2793 boeo
603 2759 617 2792 e
630 2743 755 2792 Libanio:
773 2747 869 2806 Πρΐπον
878 2743 1020 2805 μὲνγὰρτὰ
1034 2742 1111 2792 blnnra
1126 2746 1160 2803 τῷ
1170 2745 1235 2806 λόγῳ

130 2809 254 2871 πειρᾶσθαι
273 2804 412 2868 nundinam,
435 2806 501 2856 ἀλλὰ
518 2805 551 2866 μὴ
571 2806 626 2857 τοῖςι
644 2807 725 2857 ὅπλοις
746 2808 872 2871 intrabit,
894 2806 1093 2869 ἀνθρωπινώτερον
1114 2806 1234 2865 dicantar.

130 2873 209 2921 Unde
221 2872 413 2933 suspicabatur,
428 2870 623 2935 Aldum[quern
635 2873 752 2937 sequitur
766 2870 900 2933 Heinsius]
918 2872 1036 2920 horruisse
1055 2886 1127 2920 suurn
1148 2873 1236 2921 nertin.

131 2938 216 2986 West.
251 2936 339 2986 Omnia
348 2938 416 2999 prins
425 2935 540 2998 experiri,
556 2951 625 3000 quam
633 2937 717 2997 armis,
734 2936 863 2999 rapientem
873 2935 951 2998 decet]
967 2935 1068 2984 Nonius
1081 2936 1120 2984 bis
1130 2936 1138 2964 ‘
1149 2935 1236 2985 aruris¹

131 3016 157 3051 v.
169 3002 280 3050 Manere
299 3006 325 3048 et
341 3015 366 3049 v.
386 3000 524 3064 Experiri:
542 3006 570 3048 et
592 3001 629 3049 sic
648 3008 758 3065 utroque
777 3001 834 3049 loco
852 3000 935 3048 codex
955 3007 1045 3049 noster
1062 3007 1149 3050 vetus.
1182 3001 1235 3050 Do.

130 3065 228 3114 lrabeat
239 3063 288 3114 sibi
301 3079 360 3113 siras
373 3063 489 3127 Figurae,
503 3064 594 3128 quibus
606 3064 669 3113 nibil
680 3066 723 3114 hic
734 3079 808 3128 opus.
840 3064 909 3115 Quid
924 3063 992 3114 enim
1010 3065 1145 3127 promtius,
1161 3078 1236 3128 quarn

132 3143 228 3191 magno
240 3135 267 3178 et
278 3129 416 3177 sententiae
429 3135 457 3177 et
467 3143 556 3178 versus
568 3129 703 3178 commodo
721 3130 749 3178 id
767 3130 859 3192 ipsum,
878 3128 947 3192 quod
967 3129 1094 3192 Magister
1114 3129 1239 3191 postulat,

132 3193 278 3258 reponere?
304 3194 392 3242 Omnia
408 3195 477 3257 prius
492 3192 606 3256 experiri,
627 3208 697 3255 qnam
712 3208 788 3251 arma,
809 3193 936 3254 eapientem
955 3194 1031 3242 decet.
1065 3193 1133 3242 Sane
1154 3193 1239 3242 codex

132 3257 255 3320 egregius
266 3261 324 3307 9⁰⁰.
335 3271 470 3319 annornm,
481 3271 550 3306 nrrnc
561 3258 588 3305 in
599 3258 764 3306 Bibliotheca
774 3256 887 3322 publica,
898 3271 977 3305 mmor
986 3258 1131 3320 sapientem:
1146 3263 1240 3320 postea

134 3338 207 3387 pera
219 3322 343 3370 literami
362 3321 477 3383 trajecta
488 3327 546 3371 est:
563 3337 576 3370 s
594 3322 703 3371 adhaesit
721 3337 755 3369 ex
774 3327 909 3384 sequente.
926 3321 1002 3371 Bent.
1038 3321 1126 3370 Omnia
1144 3333 1241 3386 prorsus

133 3387 275 3437 Vetcod.
293 3386 365 3435 Lind.
393 3388 468 3435 Dura
479 3393 520 3434 est
530 3386 635 3448 ellipsis.
662 3386 758 3435 Placet
768 3386 836 3451 quod
848 3386 926 3435 Beut.
939 3385 1051 3449 reponit.
1070 3386 1102 3435 R.
1113 3385 1149 3435 D.
1183 3386 1241 3436 GC.

133 3451 242 3512 consitio,
257 3450 326 3498 narra
339 3450 416 3498 dubie
427 3464 460 3499 ex
473 3450 559 3508 Nonio
571 3456 692 3500 sumtum.
712 3453 777 3501 Peri.
812 3451 867 3501 Nos
877 3455 999 3513 putamus
1016 3451 1148 3500 conciliari
1164 3451 1241 3499 lenis*

133 3518 199 3564 sime
212 3529 312 3578 pacem,
328 3514 366 3562 sio
377 3515 503 3576 legendo:
524 3516 554 3563 0.
563 3531 587 3579 p.
600 3530 654 3578 exp.
665 3530 735 3578 quom
745 3515 828 3578 armis,
843 3515 969 3577 sapientia,
982 3517 1056 3565 dccet.
1072 3516 1132 3578 Bip.
1166 3514 1242 3563 Arina

134 3580 215 3630 Both.
226 3579 363 3628 Peri-20
380 3578 439 3629 Sine
449 3580 484 3640 ni,
500 3594 551 3640 qua
561 3579 657 3640 jubeam
674 3581 817 3629 Boiu—21
835 3580 941 3630 Mureto
959 3579 1091 3644 placebat,
1107 3579 1190 3626 accedo
1210 3579 1242 3626 art

136 3651 180 3694 te:
206 3642 336 3707 quomodo
355 3649 396 3692 est
418 3645 444 3692 in
464 3643 618 3707 quibusdam
636 3644 715 3693 codd.
735 3644 813 3696 West.
852 3644 949 3707 Symm.
970 3658 1009 3692 rx.
1026 3647 1067 3692 ro.
1093 3641 1187 3692 ‘Quod
1204 3642 1243 3691 ait

136 3716 230 3758 noster
241 3707 364 3768 comicus,
381 3708 521 3770 Nunquam
530 3715 557 3756 te
574 3708 648 3768 adeo,
665 3707 726 3772 quin
744 3708 790 3757 abs
811 3714 839 3758 te
857 3708 959 3757 doctior
977 3707 1080 3768 abeam,
1095 3705 1122 3754 id
1141 3720 1189 3767 ego
1208 3705 1242 3754 ds

136 3770 338 3834 epistolistuis,'
353 3774 402 3820 dte.
420 3772 566 3821 bina-na.
582 3777 614 3822 24
633 3773 685 3828 Quo
703 3771 763 3821 mibi
779 3777 834 3822 ante
853 3774 929 3821 ocutos
948 3770 981 3820 G.
1001 3772 1074 3820 West.
1107 3770 1174 3818 Mitti
1190 3768 1244 3833 bos]

137 3839 181 3888 Ex
193 3837 270 3885 Bem.
281 3836 318 3885 ita
329 3834 400 3884 lacta
411 3837 581 3887 collocatione
593 3838 741 3898 verborum,
756 3837 799 3885 bos
809 3836 878 3898 miti,
893 3835 955 3883 item
965 3848 1000 3884 ex
1012 3849 1044 3884 eo
1062 3834 1129 3883 libro
1148 3841 1175 3882 et
1192 3849 1245 3883 orn·

137 3903 216 3951 nibus
228 3901 296 3958 aliis,
313 3915 344 3948 ac
359 3903 475 3963 Donato,
492 3916 570 3950 eornm
588 3907 725 3963 crantorem,
742 3901 780 3951 ita
798 3903 843 3950 bos
864 3913 953 3947 versus
970 3899 1135 3948 ordinamus:
1153 3898 1245 3947 Dixtin

139 3967 183 4014 boe
194 3965 253 4013 mibi
264 3966 315 4013 dies
325 3965 369 4013 soli
380 3967 437 4014 dare
454 3970 495 4015 tel
527 3966 583 4015 Tu.
602 3966 666 4020 Quid
685 3971 738 4014 tum
754 3970 852 4028 posteat
865 3962 870 4028 Ι
884 3964 956 4012 Tun.
974 3963 1093 4025 Rogitas?
1116 3977 1168 4026 qua
1186 3961 1246 4011 milti

140 4034 199 4079 ante
210 4030 286 4078 neuim
297 4043 374 4077 coram
384 4034 512 4079 amatorem
528 4031 630 4079 adduxti
646 4036 729 4079 tuum?
746 4031 791 4081 Fa.
823 4028 906 4091 Atqui
917 4042 1005 4077 ornnes
1016 4027 1096 4077 nostri
1108 4041 1166 4076 cum
1178 4027 1245 4076 Edd.

142 4102 211 4143 vett.
223 4095 264 4142 tros
275 4094 325 4142 dies
337 4093 457 4143 mittenti.
492 4095 572 4159 Lego,
587 4095 656 4144 boene
665 4095 725 4143 mibi
735 4095 785 4144 dier
794 4093 839 4142 soli
856 4094 914 4142 dare
929 4097 960 4142 te.
977 4091 1056 4142 Beni.
1090 4091 1177 4142 Distin
1195 4092 1247 4154 Mn,

139 4161 206 4211 Par.
226 4173 283 4220 pro,
292 4158 430 4207 Dixistine.
448 4159 514 4208 Peri.
534 4159 578 4223 qui
589 4159 705 4223 sequitur
716 4160 791 4209 Bent.
810 4157 863 4206 Hor
873 4159 931 4207 darc
942 4156 1062 4207 miticies
1073 4156 1150 4206 temti
1169 4157 1249 4219 Botb⁸

208 4238 400 4302 Delptr.etVar.
412 4240 477 4289 Cius.
654 4241 751 4289 Terent.
1136 4236 1181 4284 21
