2678 4702
117 257 183 324 232
484 271 717 323 rasuossoos
740 272 844 324 asan

119 415 234 472 Seneca
256 411 332 470 male
353 411 503 490 judicatur
527 412 565 471 de
584 410 643 472 illis
655 414 707 492 qni
721 414 858 474 Terentio
870 424 957 474 arant
970 415 1022 475 rel
1037 417 1201 497 antiquiores

117 498 171 568 vel
180 515 268 566 aetate
281 525 377 584 pares,
391 525 459 565 cum
470 507 550 586 apud
564 526 616 567 eos
630 508 719 568 etiam
731 509 844 569 numeri
855 510 952 570 multo
964 512 1031 570 sint
1043 513 1201 591 impuriores

119 623 208 681 quam
232 601 312 681 apud
336 603 466 680 tragicos
490 605 677 664 recentiores.
716 605 806 674 Quod
829 605 856 665 si
878 607 936 684 ipsi
962 607 1059 668 etiam
1082 609 1201 670 Terentio

119 699 209 775 louge
229 698 371 756 castiores
393 698 512 771 fuerint,
536 710 567 759 et
587 702 702 779 parcius
723 701 818 761 multo
839 701 968 762 licentiis
994 715 1160 779 uterentur,
1182 707 1203 766 id

120 793 244 853 diversis
257 793 404 853 scribendi
418 796 573 872 generibus
587 795 793 874 imputandum
804 805 861 856 est.
902 797 983 856 Cum
1005 799 1171 873 Comoedia,
1181 810 1206 860 nt

119 888 251 969 pluribus
265 890 335 963 dixi,
348 891 498 969 vulgarem
518 902 550 951 et
572 891 714 971 loquendi
734 903 766 953 et
788 893 1004 973 pronuntiandi
1027 896 1207 956 consuetudi·

121 1002 187 1044 nem
201 986 347 1057 imitetur:
371 987 528 1066 Tragoedia
547 1008 627 1061 vero,
651 1000 685 1048 ut
705 988 736 1048 in
757 991 937 1068 argormentis
951 989 1047 1070 longe
1058 993 1204 1072 majoribus

119 1091 261 1150 versatur,
275 1083 317 1141 ita
335 1081 463 1142 dictione
487 1102 605 1162 quoque
630 1103 695 1156 sua,
719 1093 750 1143 et
771 1083 930 1163 eloquendi
952 1086 1076 1147 ratione
1096 1106 1117 1146 a
1134 1088 1206 1166 plebe

119 1178 290 1255 longissime
317 1176 439 1237 recedit.
478 1179 634 1258 Tragoedia
661 1180 739 1238 enim
762 1189 810 1238 est
831 1181 939 1260 poema
961 1181 1080 1254 nobile,
1100 1183 1204 1256 elatum,

121 1271 227 1351 grandi
242 1273 381 1350 lentoque
394 1292 485 1352 passu
504 1274 625 1345 incedit,
651 1283 730 1332 amat
742 1274 831 1347 lecta,
843 1274 979 1354 pulchra,
993 1292 1109 1337 sonora
1121 1281 1205 1350 rerba,

121 1387 177 1428 nec
191 1369 350 1446 quicquam
363 1387 462 1428 eorum
477 1388 545 1446 quae
556 1369 676 1448 profert,
690 1377 743 1427 aut
754 1369 929 1448 praecipitari
938 1371 1205 1443 veliaautoosma

120 1463 223 1541 premi.
266 1463 344 1523 llino
357 1463 514 1542 Tragoedia
527 1465 556 1523 in
571 1463 699 1522 numeris
713 1463 802 1523 etiam
815 1473 930 1524 tanturn
951 1485 970 1524 a
985 1467 1146 1528 Comoedia
1158 1469 1205 1528 dis·

120 1567 175 1629 tat,
188 1569 219 1618 et
232 1557 360 1618 licentia
373 1559 403 1617 in
415 1558 491 1618 hanc
505 1559 740 1638 frequentissime
754 1567 891 1638 recepta,
914 1581 985 1641 quse
1007 1563 1039 1621 in
1058 1564 1153 1624 altera
1165 1583 1204 1624 os·

120 1671 269 1730 quaquam
284 1663 385 1713 essent
397 1653 537 1714 serendae.

162 1747 209 1804 De
223 1747 409 1808 Comicorum
423 1749 500 1806 enim
515 1749 640 1808 licentiis
662 1751 692 1809 in
718 1768 836 1829 genere,
854 1749 921 1828 jure
945 1749 1045 1821 dicas,
1065 1753 1148 1832 quod
1160 1752 1204 1812 To·

121 1840 273 1901 rentianus
299 1841 526 1921 elegantissimis
543 1844 675 1904 versibus
699 1844 772 1904 dixit
794 1844 832 1904 da
856 1845 1000 1922 singulari
1022 1847 1088 1920 illa,
1108 1869 1166 1927 qua
1181 1849 1204 1906 io

123 1936 255 1997 iambicis
269 1938 443 2018 spondaeum
455 1939 503 1998 vel
516 1937 665 2019 dactylum
686 1940 715 1999 in
740 1938 872 2002 secundo
891 1941 939 2001 vcl
959 1953 1070 2020 quarto
1084 1945 1151 2006 loco
1162 1963 1205 2025 po
1242 1960 1244 2005 ι

121 2044 253 2095 suerunt.

283 2175 342 2234 Sed
357 2176 407 2254 qui
421 2175 571 2253 pedestres
584 2174 700 2236 tabutas
714 2194 803 2236 socco
816 2188 964 2254 premunt,

283 2269 325 2327 Ut
338 2288 405 2346 quae
419 2269 579 2346 loquuntur
593 2278 689 2328 sumta
702 2268 740 2330 de
753 2270 812 2330 vita
824 2280 923 2350 putes,
998 2310 1001 2314 -

282 2363 397 2422 Vitiant
410 2364 539 2424 iambum
553 2367 694 2425 tractibus
708 2365 889 2444 spondaicis,

280 2459 319 2518 Et
331 2460 362 2518 in
376 2459 508 2519 secundo
520 2470 551 2519 et
562 2461 668 2520 ceteris
683 2481 768 2540 aeque
782 2460 866 2520 locis.

281 2555 442 2634 Fidemque
452 2556 527 2615 fictis
542 2554 612 2614 dum
625 2566 783 2632 procurant
795 2555 913 2628 sabulis,

282 2652 317 2709 ln
332 2660 423 2710 metra
437 2661 561 2728 peccant
575 2662 647 2722 arte,
661 2670 721 2710 non
736 2651 861 2724 inscitia,

283 2746 330 2804 Ne
344 2746 404 2804 sint
415 2764 522 2805 sonora
535 2746 623 2804 verba
637 2745 871 2819 consuetudinis,
884 2749 939 2806 doc.

122 2891 215 2952 lambi
224 2866 342 2971 quidem
357 2891 444 2951 sedes
459 2891 557 2951 Graeci
567 2911 684 2971 quoque
699 2892 812 2952 Comici
822 2893 961 2952 vitiarunt
970 2896 1118 2957 tractibus
1128 2915 1208 2978 spon·

123 2982 233 3056 daicis;
256 2998 287 3048 et
310 2988 341 3046 id
363 2989 477 3066 insigne
501 2998 547 3047 est
570 2987 726 3046 discrimen
749 2989 888 3048 intereos
902 2990 1208 3072 etTragoediaescrip-

122 3095 220 3145 tores:
242 3085 296 3145 sed
308 3083 366 3144 hoc
381 3085 478 3144 Groeci
492 3103 568 3144 raro.
611 3084 706 3142 Latini
719 3103 799 3154 vero,
812 3092 846 3142 ut
860 3085 1004 3144 Prisciani
1024 3089 1123 3148 verbis
1142 3097 1208 3159 utor,

123 3179 170 3236 ‘in
185 3180 284 3239 multis
299 3180 414 3240 initium
428 3180 549 3260 aliquod
562 3179 739 3258 accipientes
754 3197 772 3237 a
787 3179 911 3251 Graecis,
926 3180 1025 3240 solent
1034 3186 1073 3242 ab
1089 3193 1209 3263 augusto

123 3276 153 3332 in
168 3275 293 3335 effusum
311 3275 439 3335 licentiae
462 3275 589 3353 spatium
606 3275 663 3334 hoo
682 3274 806 3333 dilatare
817 3274 837 3334 :’
856 3274 946 3353 quod,
964 3284 999 3334 ut
1020 3275 1094 3350 dixi,
1108 3279 1209 3358 lingua

121 3370 278 3448 plurimum
300 3370 372 3429 vitio
398 3369 571 3428 vertendum
592 3380 647 3428 est.
689 3370 791 3428 Latine
815 3369 923 3449 quippe
946 3370 1113 3432 scribentes
1134 3376 1208 3433 salvo

105 3464 186 3544 ⁴puri
200 3465 342 3523 sermonis
355 3464 450 3524 nitore
462 3464 542 3524 haud
565 3466 680 3525 efficere
700 3473 832 3543 potuere,
854 3474 898 3536 ut,
922 3464 952 3523 in
966 3465 1036 3526 vitae
1050 3470 1209 3529 communis

122 3561 210 3621 rebus
224 3561 430 3641 exprimendis,
445 3563 573 3622 numeris
587 3561 796 3622 astrictioribos
809 3569 972 3622 uterentur.

164 3657 253 3725 Quod
268 3656 307 3717 ad
320 3677 371 3717 aas
383 3668 480 3718 autem
494 3657 629 3718 licentias
643 3676 717 3736 quas
733 3655 869 3716 adhibuit
881 3655 1048 3729 Terentius,
1062 3678 1102 3718 ne
1115 3658 1208 3718 lectori

123 3754 220 3814 minus
234 3755 392 3814 exercitato
414 3755 462 3814 vel
479 3755 627 3813 minimam
641 3751 883 3813 offensiunculam
897 3750 1069 3829 objicerent,
1083 3755 1207 3814 ubicum-

123 3870 180 3929 que
203 3851 234 3910 in
258 3851 407 3929 prosodiae
428 3852 546 3929 regulas
568 3861 716 3930 peccatur,
740 3849 826 3926 signo
848 3847 948 3927 aliquo
975 3866 1117 3926 quaenam
1139 3859 1208 3909 esset

121 3944 249 4020 licentia,
263 3947 411 4010 indicavi:
434 3943 554 4025 syllabis
577 3955 684 4023 proetsr
699 3962 808 4004 morem
824 3941 965 4020 correptis
980 3953 1138 4003 accentum
1150 3945 1205 4002 bre·

123 4060 198 4116 vam,
226 4045 377 4122 productis
399 4045 521 4123 longum
543 4042 685 4120 apposui;
714 4058 814 4100 eorum
833 4036 920 4096 etiam
942 4037 1067 4099 alterum
1096 4037 1204 4120 appioni
