2678 4702
117 297 183 366 288
490 314 520 363 a
544 315 728 364 cananum
754 313 843 366 usar

118 458 260 524 curabo.
306 455 431 522 Eamus
442 456 515 541 jam
530 462 727 527 nuncintro.
772 461 825 525 Si.
847 460 974 544 Iprae3
998 479 1134 544 sequar.

118 640 204 702 capiat
238 638 283 688 So.
299 638 367 688 Satis
382 644 427 690 cet.
462 641 665 705 corotoeqquoe
673 641 851 706 mitiinpcrct.
884 641 1205 704 determinaremu-

118 719 190 752 num.
223 703 264 752 St.
281 703 503 766 tractantem.

580 812 731 834 “numo
735 814 762 833 u

120 906 195 1017 pptat
209 902 317 1016 mim:
333 903 393 954 ‘Sic
410 903 489 953 etiam
508 904 552 953 atii
572 905 649 955 codd.
684 905 753 955 Edit.
764 920 859 968 aequor,
876 921 934 970 quae
947 906 964 954 t·
976 913 1020 956 est
1038 920 1055 955 a
1070 905 1207 957 correctorie

147 982 215 1016 auur
276 983 297 1016 c.

438 1313 593 1380 ACTUS
617 1313 647 1377 Ι.
688 1311 845 1378 SGENA
869 1313 920 1377 ΙΙ.

540 1514 642 1562 simu.
667 1513 804 1562 DAVUS.

168 1629 222 1697 Sr.
245 1627 330 1691 Non
348 1624 484 1690 dubium
499 1630 553 1688 cst
566 1624 646 1706 quin
660 1642 803 1686 uxorem
817 1622 904 1686 nolit
917 1621 1027 1687 filius:

124 1727 179 1792 Ita
195 1727 329 1791 Davum
345 1723 448 1788 modo
464 1723 580 1788 timere
596 1725 696 1800 sensi,
712 1724 771 1786 ubi
787 1722 934 1805 nuptias

126 1827 271 1891 Futuras
285 1845 360 1890 esse
374 1824 513 1889 audivit.
557 1824 626 1888 Sed
639 1825 713 1906 ipse
730 1824 803 1888 exit
817 1823 919 1887 foras.

125 1929 196 1993 DA.
220 1927 384 2005 Mirabar,
398 1927 464 1991 hoc
479 1926 510 1989 si
524 1926 573 1989 sic
588 1927 712 1991 abiret:
734 1933 769 1990 et
782 1926 855 1989 heri
870 1945 1005 2009 semper
1018 1926 1140 1991 leuitas

123 2028 271 2094 Verebar
285 2049 441 2113 quorsum
456 2026 620 2092 evaderet.
1197 2030 1215 2090 5

126 2128 208 2207 Qui,
224 2137 405 2214 postquam
420 2129 573 2193 audierat
587 2147 653 2191 uon
666 2126 778 2190 datum
794 2128 834 2191 iri
848 2127 921 2191 tilio
936 2145 1083 2193 uxorem
1098 2148 1170 2205 suo,

126 2230 310 2313 Nunquam
326 2231 482 2311 cuiquam
507 2234 661 2290 nostrum
681 2229 817 2292 verbum
839 2229 931 2304 fecit,
956 2247 1068 2311 neque
1088 2229 1124 2291 id
1140 2248 1216 2311 aegre

256 2330 341 2395 tulit.

127 2431 502 2511 S1.Atnuncfaoiet;
535 2450 655 2512 neque,
676 2436 714 2494 ut
743 2432 872 2514 opinor,
911 2429 983 2493 sine
1014 2435 1074 2495 tuo
1107 2450 1216 2512 magno

254 2534 356 2596 malo.

127 2633 198 2695 Du.
219 2632 262 2695 Id
279 2632 394 2709 voluit,
408 2650 472 2694 nos
487 2632 536 2695 sic
550 2651 612 2696 nec
628 2631 805 2714 opinantes
821 2631 898 2695 duci
912 2630 1002 2695 salso
1018 2633 1155 2713 gaudio,

157 2815 197 2864 Si.
215 2813 271 2863 Non
281 2814 375 2864 dulium
385 2819 421 2864 cst
430 2814 498 2875 milti,
509 2813 565 2876 quin
574 2812 646 2876 filius
655 2816 724 2874 neget
742 2826 767 2860 re
778 2827 875 2863 uxorem
891 2814 1034 2873 ducturam
1057 2817 1118 2864 adeo
1136 2815 1219 2864 uam

125 2881 193 2928 modo
200 2880 283 2928 timere
292 2880 363 2940 tenti,
374 2879 414 2928 uli
424 2879 519 2941 nuptias
523 2878 623 2938 futuros
632 2890 682 2925 este
691 2876 791 2925 audivit.
826 2879 874 2927 Sed
882 2877 932 2940 ipsc
940 2877 993 2925 exit
998 2877 1082 2935 forus.
1112 2880 1164 2927 DA.
1179 2876 1219 2924 dii

126 2943 229 2992 colorat
247 2943 296 2992 ltoec
307 2943 359 2992 lteri
376 2943 496 2992 simulatio
513 2945 542 2990 de
558 2941 709 3003 nuptiirsinc
721 2944 979 3003 tonussemitonium
995 2957 1041 3004 pro
1060 2942 1139 2992 nitito
1148 2941 1219 3000 soret:

125 3008 274 3071 vereturque,
285 3022 352 3071 quem
362 3007 457 3057 liudem
474 3007 565 3056 exitum
575 3004 688 3052 continuo
697 3004 747 3063 <jus
761 3009 786 3053 et
795 3007 911 3055 {amiota
929 3005 1030 3054 hattus.-
1047 3006 1100 3068 qut,
1111 3011 1218 3070 Μηνᾶ

126 3073 236 3122 mediaret
245 3087 291 3121 uon
301 3074 382 3122 dotum
400 3072 433 3121 tri·
445 3071 501 3136 filio
511 3084 552 3118 ruo
563 3082 660 3117 uxorem
670 3067 752 3130 fllium
767 3069 907 3130 Chremetis,
920 3083 1040 3130 nunquam
1049 3071 1097 3118 ulli
1113 3081 1218 3118 ceroma

127 3138 165 3184 oel
174 3137 267 3186 catum
276 3137 341 3185 dixit
359 3140 388 3186 dc
404 3136 447 3184 doc
461 3150 496 3196 re,
507 3148 579 3196 neque
593 3133 619 3181 td
629 3130 768 3192 mgreferre
778 3134 840 3182 cirus
849 3138 899 3182 cot:
922 3133 983 3181 tunc
994 3133 1049 3198 filii
1059 3132 1220 3192 uilicctrq'tc·

127 3199 222 3247 tioncm.
253 3201 292 3249 Si.
307 3201 344 3249 At
359 3216 419 3249 nuuc
435 3202 498 3248 dicet
516 3199 578 3256 tita-
598 3196 677 3255 fuoict
693 3210 766 3259 nequo
776 3198 811 3258 td,
830 3199 921 3260 opinor,
935 3197 987 3245 sinc
997 3202 1040 3245 tuo
1056 3213 1145 3258 magno
1158 3196 1218 3244 raab.

128 3263 184 3312 DA.
202 3262 326 3312 Sententia
337 3264 453 3325 ejusfuit,
463 3278 504 3311 nos
511 3263 570 3311 nitu
578 3261 721 3324 suspicantes
724 3260 790 3320 sulco
797 3263 881 3311 duem
887 3261 975 3323 gaudio
983 3275 1029 3323 per
1039 3261 1104 3311 donc
1111 3263 1219 3312 lenitatem

584 3369 766 3392 HOMO

162 3441 177 3486 1
195 3438 314 3488 Qriatuor
330 3438 356 3486 hi
372 3451 458 3486 verme
475 3439 501 3487 in
518 3439 671 3501 quibusdam
682 3439 746 3489 Mes.
768 3438 847 3489 etiam
858 3438 883 3487 in
902 3441 1012 3488 Donato
1023 3453 1102 3488 mann
1114 3444 1217 3495 exarato,

130 3501 239 3552 Scanam
248 3514 279 3552 n.
287 3502 455 3551 constituunt.
467 3502 543 3552 Wert.
555 3503 691 3568 Profitim,
701 3504 841 3567 Pamphilus
852 3502 941 3553 Guelf.
950 3507 975 3552 2.
987 3510 1018 3552 ct
1028 3507 1180 3553 coloss-t
1192 3500 1218 3550 m

130 3581 178 3630 pro
192 3564 232 3615 uli
249 3569 329 3615 1.-4.
340 3566 447 3616 Priores
462 3572 515 3616 tres
526 3581 542 3616 a
553 3567 685 3631 praecedd.
697 3582 745 3618 vas.
755 3583 806 3617 non
818 3567 944 3630 diqjungit
954 3568 1035 3616 Both.
1044 3575 1074 3617 at
1084 3569 1127 3617 hic
1136 3577 1218 3615 norum

128 3630 220 3695 Incipit
231 3628 369 3693 dialogum.
403 3631 542 3694 Dialognm
559 3630 629 3695 dico,
644 3647 704 3680 nam
721 3646 773 3681 non
790 3632 833 3681 illc
851 3631 896 3679 has
916 3632 1030 3679 Fabulae
1049 3646 1101 3694 per
1117 3631 1218 3679 actnset

129 3710 222 3745 scenas
233 3694 333 3746 dividit.
349 3691 411 3745 Par.
428 3695 585 3760 conjunctim
596 3697 791 3760 semper-lenitus.
824 3694 960 3744 Assentior
969 3694 1088 3759 Guyeto,
1100 3697 1138 3745 ait
1148 3693 1219 3742 Wcst.

126 3761 231 3823 hyphen
248 3773 298 3809 non
310 3761 461 3822 agnoscenti
477 3763 503 3810 iu
515 3761 553 3809 his
575 3761 669 3810 verbis.
702 3759 765 3822 Hic,
791 3758 865 3807 aiunt
882 3757 952 3808 tal).
971 3759 1111 3822 ‘semper'
1134 3756 1217 3808 rectius

123 3824 245 3892 iungitur
253 3838 311 3874 cum
322 3824 565 3890 ‘vereduni-tSic
576 3825 670 3875 dividit
679 3824 808 3873 Bothiur:
828 3823 858 3873 V.
869 3839 894 3886 q.
909 3824 1037 3874 maderet.-
1048 3824 1217 3888 quipostqum

621 3946 728 3997 NOTAE

161 4044 315 4108 tdlirator]
338 4046 436 4106 Darna,
461 4052 597 4108 postquam
623 4044 657 4094 de
696 4046 744 4094 bus
762 4045 851 4096 exieus
870 4044 927 4095 hac
944 4057 1033 4094 tectim
1054 4051 1172 4096 metucns
1187 4041 1215 4088 lo

130 4115 204 4165 Sosin
221 4117 321 4178 tuturos
340 4121 447 4186 nuptias
467 4119 576 4183 audivit,
595 4117 657 4199 aedi·
698 4120 794 4184 quitur.
