2678 4702
194 335 259 402 loe
564 345 601 393 r.
619 337 804 393 rennuens
820 330 916 390 'sent

195 494 264 559 ΡΑ.
288 492 359 558 Res
373 487 544 553 indicabit.
590 485 699 565 Heus,
712 485 831 569 jubete
844 485 929 548 istos
944 482 1036 546 foras

196 594 312 671 Exire,
328 609 415 675 quos
425 588 526 673 jussi,
544 605 669 670 ocyus:
692 585 838 670 procede
853 592 888 650 tu
902 585 980 646 huc.

196 696 252 762 Ex
267 693 440 775 AEthiopia
455 696 507 754 est
519 709 629 772 usque
642 688 729 754 haec.
773 688 870 751 Tun.
895 686 964 750 Hic
979 687 1057 748 suut
1072 689 1142 748 tres
1157 680 1265 746 minae.

196 795 270 861 Gn.
292 793 375 858 Vix.
419 792 486 857 ΡΛ.
510 790 580 854 Ubi
594 799 631 855 tn
646 809 693 867 es,
716 790 833 853 Dorol
856 787 981 853 accede
1003 785 1083 850 huc.
1130 783 1222 848 Hem
1243 803 1292 847 cu·

326 893 566 958 nuchumtibi!

198 996 311 1076 Quam
325 996 454 1060 liberali
467 995 564 1070 facie,
579 1011 679 1077 quam
694 995 797 1056 aetate
811 990 955 1072 integra!
1254 981 1293 1048 00

196 1098 265 1163 ΤΗ.
289 1097 343 1161 Ita
371 1117 425 1162 ma
455 1095 502 1158 Di
525 1099 645 1171 ament,
669 1092 829 1156 honestus
858 1096 919 1156 est.
964 1089 1033 1182 Pu.
1057 1085 1157 1166 Quid
1181 1091 1219 1150 tu
1239 1086 1294 1163 ais,

363 1217 382 1259 n
405 1197 485 1260 thot

198 1196 373 1382 Numqusdd
385 1216 506 1374 drabes,
523 1296 614 1380 quod
631 1295 845 1362 contemnasl
868 1292 948 1378 quid
961 1297 996 1356 tu
1008 1286 1295 1394 autem,'l'brasol

196 1400 344 1480 Tacent3
366 1401 451 1463 satis
464 1400 615 1463 laudant.
661 1401 732 1463 Fac
754 1395 942 1481 periculum
957 1394 991 1457 in
1005 1393 1131 1474 literis,

197 1501 270 1567 Fac
285 1503 318 1566 in
333 1499 508 1585 palaestra,
529 1502 564 1565 in
579 1502 740 1565 musicis:
765 1518 841 1583 quae
856 1499 997 1561 liberum

194 1679 268 1723 cetur.
301 1674 525 1736 flammineum
542 1671 667 1737 nmnmpiu,
685 1664 816 1734 punisset,
828 1671 1001 1734 sorusprodire
1017 1669 1111 1719 matins
1148 1657 1299 1730 sumta!

193 1738 291 1798 procede
306 1738 359 1788 buc.
401 1739 462 1788 Herc
481 1752 511 1786 ex
522 1737 644 1799 AEtlriopiu
662 1751 733 1798 usque
752 1738 849 1784 edredo
866 1741 908 1784 est.
940 1735 1015 1783 Tun.
1032 1730 1094 1780 Tres
1110 1731 1188 1780 minc
1203 1746 1246 1794 pru
1262 1729 1299 1776 iu

189 1799 291 1856 soerninu
312 1816 419 1864 experiens
435 1807 500 1851 suut.
534 1800 588 1848 Gn.
612 1799 666 1848 Via.
700 1801 752 1846 Pe.
773 1799 819 1847 Ubi
841 1803 868 1846 trs
883 1813 917 1861 es,
941 1787 1023 1845 Darei
1050 1796 1136 1844 aceede
1155 1796 1210 1846 lusc.
1244 1793 1299 1844 rse-

195 1862 335 1911 Esmuclmm
356 1866 417 1918 libis
440 1878 509 1923 quum
524 1863 591 1908 uultu
608 1862 721 1920 ingenuo,
742 1875 788 1907 non
807 1861 898 1921 seruili,
917 1875 986 1921 quum
1001 1858 1106 1921 florenti
1128 1865 1210 1908 «etate.
1249 1859 1297 1906 Tu.

196 1923 238 1970 lto
255 1938 291 1971 me
311 1924 356 1973 Dii
370 1930 458 1984 urunt,
479 1926 573 1984 elegans
589 1928 625 1972 est
644 1928 668 1971 et
682 1923 810 1982 jornmsus.
843 1924 895 1973 ΡΛ.
915 1924 979 1978 Quid
997 1922 1042 1971 tibi
1066 1922 1173 1980 uuam,
1197 1921 1300 1972 Gnatis?

196 1985 290 2050 Ecquid
306 1989 419 2038 invenisti
436 1991 497 2051 quod
518 1987 543 2036 in
562 2002 587 2035 eo
611 1987 688 2051 poesie
708 1987 891 2050 'reprehenderer
919 1987 1026 2044 Trecenti
1053 1987 1152 2036 utente
1174 1987 1233 2036 solis
1255 1988 1301 2050 la·

196 2050 264 2114 dost,
281 2058 345 2102 etse
363 2053 461 2116 probare
478 2051 625 2117 confitentur.
658 2052 708 2101 Fac
726 2050 909 2114 experimentum
930 2051 957 2099 in
979 2051 1066 2115 literim
1081 2051 1129 2110 soe
1144 2051 1299 2115 irs'palaestm,

666 2176 839 2197 ΟΜΝΗ

197 2259 260 2309 Viro
273 2267 358 2309 temen
371 2261 448 2311 docto
462 2261 583 2324 frigidum
595 2262 761 2323 videturesse,
780 2268 809 2311 et
825 2278 841 2311 a
858 2262 982 2325 magistro
994 2275 1041 2310 suo
1052 2256 1206 2311 desciscens
1215 2261 1240 2310 in
1250 2267 1299 2311 tes·

198 2333 252 2372 tum
264 2325 355 2373 ascivit
366 2326 431 2374 baut.
467 2326 545 2390 Atqui
565 2340 612 2376 sna
629 2327 723 2376 Thraso
744 2327 813 2375 dona
833 2327 940 2389 pulcbra
958 2340 1015 2375 esse
1027 2325 1177 2375 arbitratus
1189 2332 1242 2375 est:
1258 2327 1299 2374 boc

199 2393 307 2437 certium.
341 2390 411 2452 Ergo
423 2403 456 2437 ex
467 2390 519 2440 ista
530 2390 659 2439 sententia
671 2391 707 2439 sic
719 2392 821 2440 locutus
831 2398 871 2439 est
882 2390 960 2438 Miles
971 2407 977 2436 ι
990 2391 1148 2452 Perpulchra
1158 2393 1229 2439 credo
1239 2393 1300 2447 dors,

197 2451 255 2499 baut
265 2452 371 2514 pulclsris
382 2454 478 2504 similia.
511 2455 600 2503 Satine
612 2455 718 2517 placet?
753 2455 848 2505 Nonne
859 2456 907 2504 boc
920 2455 1082 2516 percepisse,
1094 2455 1117 2502 si
1129 2455 1165 2502 ab
1177 2455 1257 2504 ironia
1267 2453 1297 2501 in

197 2516 279 2628 {ipius
289 2518 431 2626 sgggeussa}
439 2518 464 2564 in
474 2517 685 2628 {redemtnectesss
704 2532 760 2566 esse
769 2526 819 2629 tutF
818 2514 936 2593 desinat?
970 2517 1054 2629 emm
1074 2518 1209 2631 Coditc'es,
1220 2519 1297 2628 amodt

224 2593 281 2627 r..
352 2610 358 2624 .
406 2595 440 2627 u.
503 2594 567 2628 aes
608 2594 662 2627 er
704 2595 766 2628 nora
821 2595 972 2630 aernusese
1026 2594 1296 2631 ramenaeusmr

196 2594 391 2689 mendosissime
402 2641 530 2701 seruntur,
548 2614 720 2704 preterquam
740 2644 765 2692 in
776 2643 820 2691 illo
833 2646 921 2704 verbo,
933 2643 1006 2704 cujus
1018 2597 1109 2705 gragtia
1121 2599 1243 2695 citandur.
1271 2643 1296 2692 ln

197 2704 248 2752 isto
261 2704 389 2753 Prisciani
400 2704 458 2752 loco
471 2712 499 2753 ut
511 2707 567 2753 bunt
585 2720 632 2767 pro
649 2711 701 2763 out,
719 2707 756 2755 ita
767 2722 863 2756 munem
875 2723 922 2770 pro
934 2709 995 2756 donn
1007 2709 1087 2757 etiem
1102 2709 1247 2773 inscriptis
1260 2722 1294 2755 es·

197 2767 361 2830 emplaribus.
397 2770 467 2818 Num
479 2769 516 2816 sic
529 2784 631 2832 quoque
642 2771 683 2818 bic
696 2771 825 2831 legemus?
859 2771 895 2820 At
916 2771 977 2819 alibi
998 2786 1024 2832 p.
1045 2776 1123 2822 1041.
1143 2776 1250 2823 eundem
1265 2772 1294 2818 lo·

197 2846 256 2880 curn
267 2831 374 2880 laudans
384 2834 445 2881 dorsu
456 2832 551 2892 babet,
570 2842 596 2882 et
608 2834 644 2882 ibi
657 2834 706 2881 duo
719 2833 829 2884 Codices
841 2836 949 2897 Collegit
963 2835 1080 2884 Caicusis
1092 2843 1139 2886 cut
1151 2839 1236 2900 plane,
1252 2847 1293 2884 usn

196 2897 357 2946 bunt.Bent.
391 2896 442 2945 Aut
454 2898 486 2945 al.
497 2897 605 2946 ironice.
637 2898 786 2946 Notandum
808 2905 849 2947 est
868 2900 1054 2963 antiquitatem
1075 2901 1093 2948 lt
1113 2902 1193 2950 litess
1213 2913 1293 2950 carere.

198 2961 265 3010 Perl.
299 2963 348 3008 Aut
364 2968 452 3011 tuetur
468 2961 513 3010 Fa.
534 2967 563 3009 ut
583 2961 665 3009 ironia
685 2963 858 3013 continuetur.
891 2964 953 3011 Tam
966 2963 1082 3025 sapiens,
1096 2965 1238 3027 credimus,
1253 2975 1293 3012 non

198 3023 251 3073 suit
262 3024 348 3073 Miles.
360 3025 483 3086 Rip—ll
495 3027 570 3087 Sunt,
580 3025 624 3089 qui
635 3026 775 3074 maximam
787 3026 889 3087 στιγμὴν
900 3034 960 3089 post
971 3027 1054 3088 ‘jussi
1064 3027 1071 3048 '
1082 3038 1197 3090 ponunt.
1221 3028 1293 3078 Minus

198 3094 329 3136 accusate.
345 3088 422 3138 West.
444 3089 504 3152 Bip.
511 3089 583 3150 jussi.
598 3089 675 3152 Ocyus
685 3104 723 3152 ps.
741 3090 837 3139 Glossa
846 3092 889 3139 τοῦ
899 3091 945 3139 Br.
956 3098 1031 3140 notat
1044 3105 1091 3153 pro
1104 3108 1163 3143 var.
1174 3095 1191 3142 l.
1202 3094 1294 3142 interso-

197 3151 327 3215 gationem
340 3160 399 3215 post
409 3153 417 3180 ‘
428 3153 591 3216 θυμω-23
606 3153 691 3205 Tacent
701 3169 709 3203 r
725 3155 824 3205 mutant
835 3156 885 3207 Ms.
898 3155 972 3218 Lips.
993 3155 1147 3207 Μαι-26
1158 3158 1190 3208 Si
1198 3159 1230 3206 sit
1239 3170 1292 3218 spus.

701 3282 811 3332 NOTAE

215 3382 262 3448 ‚18
279 3378 329 3427 Hie
345 3383 401 3426 sunt
417 3384 466 3429 tres
485 3379 566 3442 mirra]
591 3379 727 3429 Talentum
768 3379 857 3445 itaque
873 3381 940 3429 banc
956 3372 1064 3444 ingenui
1081 3383 1160 3446 pueri
1177 3378 1291 3432 doceban-

197 3450 317 3504 Atticum
341 3456 451 3506 babebat
465 3462 505 3507 ou.
526 3458 616 3507 minas.
649 3458 728 3507 Valet
770 3463 823 3519 tur,
840 3464 868 3505 et
879 3458 987 3506 Oratori
998 3457 1121 3519 inprimis
1134 3457 1290 3508 necessariam

197 3533 614 3597 sexcentosCoronatosnostros,
632 3534 657 3583 id
678 3542 727 3596 est,
769 3547 824 3582 esse
833 3533 924 3582 scribit
935 3532 1128 3584 Quintilianus.

198 3612 270 3658 1800.
283 3609 362 3657 libras
379 3609 560 3658 Turronenses:
580 3611 668 3674 itaque
681 3611 726 3659 mi·
800 3607 953 3669 IssMusicis]
979 3607 1009 3656 ln
1031 3608 1150 3671 Graecia,
1169 3610 1213 3674 qui
1229 3607 1289 3658 musi·

197 3699 231 3734 us
243 3686 313 3732 valet
325 3688 364 3733 30.
377 3683 456 3732 libras
466 3684 641 3734 Trrrouenses.
768 3699 823 3733 cam
832 3683 991 3746 nesciebant,
1001 3682 1174 3733 habebantur
1182 3683 1289 3734 indoctis·

230 3763 262 3808 24
286 3760 317 3808 ln
335 3760 458 3822 palestra]
484 3761 612 3809 Palaestra
632 3760 726 3811 Graece
767 3773 823 3808 res:
848 3764 878 3806 ut
904 3757 1092 3807 Themistocles
1114 3760 1220 3810 babitus
1244 3758 1291 3817 fuit,

199 3834 269 3884 lucta
293 3842 347 3884 est:
368 3827 494 3897 accipitur
513 3835 592 3883 etiam
617 3847 663 3896 pro
685 3835 727 3884 de·
768 3849 826 3883 cum
847 3835 873 3882 in
896 3833 1014 3882 convivio
1038 3835 1125 3898 lyram
1150 3841 1288 3886 recusasset.

197 3911 267 3960 centi
286 3920 358 3959 motu
372 3919 499 3974 gestuque
510 3911 590 3959 totius
602 3912 729 3974 corporis,
767 3910 820 3960 Sed
838 3909 1044 3973 Epaminondas,
1073 3909 1211 3961 referente
1230 3913 1288 3961 eice

197 3998 273 4050 quem
285 3985 636 4048 Gallivocaut,eontenmrce‚·
653 3982 727 4049 cujus
769 3984 1213 4047 rone,lidibuspreeclarecauebet.
1243 3987 1288 4035 blu-

197 4069 373 4123 preceptores
382 4061 637 4126 Palaestriciquoque
647 4061 726 4122 dicti;
768 4062 822 4110 sica
833 4062 877 4109 illa
889 4061 974 4123 prisce
986 4061 1109 4123 plurimis
1120 4063 1215 4113 abhinc
1230 4061 1288 4112 ansb

198 4139 234 4201 et,
245 4133 288 4196 qui
300 4136 374 4199 hujus
385 4136 469 4199 ignari
482 4144 567 4200 erant,
577 4137 709 4200 epaleestri
723 4153 730 4199 ς
768 4151 819 4187 non
831 4144 952 4203 corrupta
963 4141 1073 4202 tautum,
1089 4139 1138 4190 sed
1147 4140 1260 4205 iguorsts
1268 4140 1288 4186 sl
