2678 4702
444 301 617 353 concern
641 302 725 354 nor.
741 286 841 356 1.'sc.·
858 307 897 355 11.
1149 291 1215 361 tle

114 441 186 508 ΡΗ.
210 441 260 506 At
272 447 335 525 ego
349 446 547 512 nesciebam
556 467 719 532 quorsum
736 457 772 513 tu
787 450 876 514 irest
892 450 1033 534 parvola
1099 509 1102 514 .
1171 453 1215 517 75

114 545 210 609 Hinc
223 552 275 609 est
289 547 448 630 abrepta:
471 549 591 614 eduxit
610 557 714 616 mater
727 569 789 633 pro
805 570 888 616 suu:

113 647 219 711 Soror
234 654 287 709 est
302 647 408 712 diota:
428 651 527 732 cupio
542 649 723 728 abducere,
738 657 776 715 ut
789 651 927 715 reddam
942 652 1026 715 suis.

114 747 251 829 Nempe
265 749 377 812 omnia
391 748 465 814 hoec
480 770 567 815 nunc
581 752 762 816 verba'huc
777 751 916 817 redeunt
929 753 1074 836 denique
1086 775 1096 835 ;

112 849 188 930 Ego
206 848 385 914 excludere
410 851 467 914 ille
482 851 659 934 recipitur:
681 870 750 934 qua
763 853 891 934 gratini
1223 936 1226 941 ,

114 949 197 1020 Nisi
212 949 306 1012 ilium
320 950 398 1033 plue
414 965 520 1032 amas,
535 972 636 1034 quam
652 973 724 1018 me:
739 959 772 1017 et
784 955 882 1019 istam
896 973 981 1018 nunc
996 954 1107 1032 times,
1171 956 1215 1021 80

114 1047 204 1127 Quae
220 1049 498 1128 advectoest,ne
513 1052 608 1115 iilum
622 1052 724 1116 talem
739 1054 911 1137 praeripiat
928 1055 998 1119 tibi.
1142 1121 1145 1125 ,
1187 1060 1190 1067 ’

113 1150 186 1214 ΤΗ.
210 1148 315 1230 Egon’
330 1151 366 1214 id
387 1151 513 1215 timeol
559 1152 628 1216 ΡΗ.
662 1150 754 1229 Quid
770 1162 802 1217 te
823 1174 902 1236 ergo
920 1155 1014 1219 aliud
1040 1155 1213 1219 solicitat?
1242 1162 1244 1166 '

247 1251 374 1315 cedo.⁴
1206 1262 1212 1275 ”

114 1353 209 1418 Num
225 1353 318 1427 solus
332 1352 388 1416 ille
403 1351 589 1417 denudati
609 1353 754 1417 nuncubi
769 1372 877 1416 meam

115 1454 366 1534 Benignitatem
382 1453 517 1524 sensisti
533 1454 567 1516 in
582 1461 616 1516 te
633 1453 808 1518 claudierl

115 1553 251 1630 Nonne,
267 1555 325 1618 ubi
341 1554 419 1617 mihi
436 1555 522 1618 dixti
538 1573 658 1637 cupere
674 1561 706 1618 te
721 1575 764 1619 ex
782 1554 956 1638 AEthiopia
1171 1558 1215 1623 85

114 1737 284 1798 cococli:juor
302 1738 341 1786 cir
359 1753 391 1786 ee.
425 1739 482 1787 Pu.
498 1740 534 1788 At
552 1753 595 1799 ego
611 1738 749 1801 renuebam,
768 1754 812 1802 quo
832 1745 949 1802 epecturet
965 1744 1007 1789 luo
1026 1743 1215 1803 nempeorutior

113 1804 215 1866 porculo
224 1817 236 1849 e
246 1803 320 1850 Sunio
330 1807 365 1850 est
375 1803 484 1864 obrepta:
501 1805 610 1852 educauit
620 1808 696 1850 muter
706 1818 757 1851 eom
767 1818 809 1865 pro
818 1803 931 1868 sunflliu.
963 1805 1035 1852 Soror
1045 1820 1096 1853 meu
1111 1807 1216 1855 nominu-

114 1873 142 1916 to
153 1872 205 1915 erl:
222 1866 289 1927 cupio
299 1866 412 1914 ebducere
422 1871 448 1914 ut
459 1869 555 1915 reddum
569 1866 627 1914 ruis.
660 1866 758 1915 Scilicet
768 1868 847 1915 osonio
858 1868 908 1916 lraec
916 1868 985 1916 verbu
996 1869 1022 1916 io
1036 1870 1096 1916 lonc
1104 1885 1216 1919 mororum

114 1947 178 1980 nunc
189 1929 335 1990 conueniunt,
350 1935 377 1978 ul
395 1931 518 1991 excludet,
536 1929 602 1978 miles
620 1928 659 1976 ille
677 1931 827 1979 admittetur.
864 1933 938 1994 Cujus
954 1932 989 1980 rei
1004 1946 1082 1991 ceusu,
1098 1934 1216 1996 nisiquod

113 1996 183 2043 mum
195 2008 263 2056 quom
274 2007 309 2041 me
320 1995 433 2042 cariorem
442 1992 523 2051 hules,
540 1991 668 2053 metuisque
678 2008 707 2041 oe
716 1993 854 2054 Pamphilu,
864 2008 955 2053 quomo
967 1995 1085 2044 Tltroaooe
1095 1997 1216 2064 receptui,

114 2073 168 2108 eum
179 2057 225 2106 tili
242 2055 399 2119 intercipiet?
429 2058 480 2105 Tu.
499 2059 581 2117 Egone
600 2057 625 2103 id
643 2053 734 2104 timeo.l
766 2056 820 2104 Per.
841 2057 906 2110 Quid
922 2071 978 2118 ergo
989 2063 1012 2106 le
1027 2058 1114 2108 ircim
1130 2061 1161 2107 od
1172 2061 1215 2109 lroc

112 2117 270 2175 iaciendum?
285 2123 327 2169 Ex
343 2135 393 2169 oue.
428 2120 494 2169 Neon
502 2123 563 2168 solus
572 2120 612 2168 itte
621 2118 666 2165 lidi
677 2117 768 2168 donet?
786 2121 906 2182 Numquid
918 2121 1005 2169 uliculli
1020 2136 1095 2170 meum
1111 2122 1214 2172 liberuli-

115 2192 192 2236 tutem
202 2184 286 2234 vidisti
301 2136 347 2234 liii
362 2183 496 2248 praeludi?
512 2199 595 2240 scone,
605 2182 688 2230 elutior
698 2187 768 2246 utque
777 2183 837 2232 milri
846 2184 989 2248 signifieusti
999 2199 1082 2247 cupere
1092 2191 1116 2234 te
1124 2201 1216 2238 smum

576 2326 755 2346 WMNOO

114 2397 163 2476 Br.
180 2426 218 2475 Eu
228 2429 308 2474 noster
319 2426 403 2474 leudo.-
421 2427 588 2475 leodem—⁷6
607 2426 715 2475 Variant
731 2427 796 2475 Mss.
811 2425 887 2474 codd.
908 2431 935 2474 et
952 2425 1079 2489 impressi,
1097 2426 1122 2475 in
1135 2405 1217 2492 primu

115 2505 193 2539 voce.
219 2489 311 2539 Beidd.
324 2490 374 2537 duo
386 2504 443 2538 curn
456 2489 531 2539 Bodl.
544 2489 602 2552 [Br.
613 2489 701 2540 Guelt'.
714 2489 752 2552 3.]
763 2491 862 2552 legunt,
879 2490 931 2538 Aul
941 2504 985 2550 ego
996 2505 1022 2539 n.
1035 2489 1137 2554 quaudo
1155 2505 1216 2541 corr·

114 2554 192 2603 tiirua
210 2554 261 2602 erit
280 2552 408 2602 Phaedriae
428 2555 518 2615 oratio,
534 2568 591 2602 eum
604 2556 679 2617 siguo
689 2554 865 2618 interrogandi
878 2553 1053 2616 exprimendo,
1073 2555 1140 2666 quod
1151 2553 1217 2605 facit

115 2620 193 2680 Lips.
205 2617 278 2666 [reid.
291 2632 366 2679 otrus,
378 2617 453 2666 Haud
463 2633 484 2666 e.
501 2633 526 2666 o.
544 2620 610 2681 quod
625 2620 668 2668 Fa.
680 2624 775 2667 tuetur.
801 2617 851 2667 Sed
865 2619 982 2667 Boeclern
993 2618 1022 2666 ri
1032 2616 1068 2666 At
1089 2633 1155 2684 cuge
1166 2613 1216 2684 sigss

115 2682 266 2731 uidcautius
278 2682 355 2730 esth.
367 2683 383 2730 1.
397 2695 472 2744 quam
486 2681 567 2730 Huud.
592 2683 657 2731 Tum
677 2682 852 2733 Quintilianus
866 2684 899 2732 At
916 2683 989 2744 legit,
1006 2684 1059 2732 loc.
1077 2684 1123 2732 cit.
1144 2685 1217 2733 West.

114 2745 149 2795 τὸ
157 2744 195 2794 At
206 2759 306 2809 quoque
318 2745 410 2807 probat
421 2745 499 2793 Beut.
514 2745 685 2795 ‘Rectissime
698 2760 712 2794 e
724 2747 787 2794 Mus.
798 2746 878 2795 edidit
887 2746 965 2794 Beut.
976 2748 1011 2795 At
1022 2763 1043 2795 e.
1055 2746 1088 2796 τι]
1105 2749 1135 2796 R.
1148 2751 1217 2797 D.-

115 2815 149 2859 tt
167 2811 244 2857 Beni.
255 2823 311 2856 cum
322 2824 373 2872 quo
381 2809 422 2857 hic
432 2809 596 2857 consentiunt
609 2824 697 2858 omues
707 2809 763 2856 fere
776 2810 838 2859 libb.
848 2817 974 2869 recentes,
984 2810 1062 2858 lrabet
1073 2810 1218 2860 Soror-dicto

115 2879 162 2925 cel.
183 2895 186 2900 ·
199 2874 233 2921 tu
243 2874 339 2922 reddom
347 2888 391 2934 pro
402 2873 464 2934 cuir]
481 2872 552 2922 Edit.
564 2873 649 2920 omitt.
661 2887 714 2934 pro,
726 2874 793 2934 quod
808 2874 931 2920 mendose
940 2873 1042 2934 irrepsit
1055 2887 1088 2920 ex
1100 2876 1216 2936 preced.

115 2951 204 2986 versu.
223 2937 381 2986 Bimae-79
397 2935 481 2986 Abest
493 2937 546 2997 Ego
563 2934 651 2986 Guelf.
672 2940 696 2984 2.
717 2935 795 2984 Both.
817 2935 889 2998 legit,
906 2936 1096 2996 Excludorcgo.
1114 2938 1159 2986 Br.
1171 2953 1217 3000 quo

114 3001 211 3064 gretie,
223 3002 353 3050 Nisi-80
369 3002 414 3049 Vs.
432 3001 496 3049 setis
514 3001 691 3048 inconcinnus.
716 2997 847 3061 Adjuvant
866 2999 909 3047 alii
928 3000 1038 3059 codices,
1057 3000 1100 3062 qui
1118 3002 1178 3049 Nisi
1195 3003 1219 3051 si

115 3068 201 3115 illum
219 3065 263 3112 sed
277 3065 344 3112 aliud
354 3070 445 3113 restet.
458 3066 537 3127 Lege,
549 3064 607 3113 Nisi
617 3065 639 3112 ei
647 3065 714 3112 illum
722 3079 748 3126 p.
760 3079 783 3125 q.
796 3078 825 3111 m.
835 3078 910 3123 umus,
918 3069 942 3111 et
952 3063 1054 3112 memo.
1067 3068 1086 3112 t.
1112 3063 1155 3113 Me
1164 3080 1217 3114 oru-

116 3132 180 3179 nino
198 3130 223 3176 in
236 3129 289 3177 ictu
307 3142 364 3176 esse
377 3136 486 3190 oportet.
503 3129 577 3177 Bcut.
610 3129 700 3175 Nisisi
719 3127 794 3175 Bodi.
815 3128 884 3175 Peri.
898 3127 1036 3175 Boiu-er
1055 3126 1104 3176 Ed.
1120 3128 1216 3191 Delpht

118 3195 152 3249 Q.
163 3193 266 3241 obcludo
276 3198 319 3241 esl.
340 3194 385 3240 Br.
396 3193 621 3254 interrogationem
630 3193 708 3240 habet
718 3197 777 3252 post
788 3190 905 3239 titt-an
921 3190 999 3252 Vuig.
1011 3192 1102 3252 Egone.
1111 3192 1218 3255 Syllaba

116 3273 147 3308 tre
165 3254 298 3318 superflua
310 3255 482 3305 incommodet
493 3264 585 3304 metro.
607 3256 672 3305 Perl.
706 3255 760 3316 Ego
776 3256 801 3302 id
818 3268 917 3317 quoque
929 3255 1031 3318 reponit
1043 3256 1120 3304 Bent.
1138 3257 1216 3306 Botir.

116 3320 225 3386 legend.
237 3327 335 3380 mouet,
354 3320 408 3382 Ego
424 3317 498 3369 idue?
516 3321 654 3376 Quid-83
671 3319 745 3367 Bem.
763 3326 791 3367 et
813 3319 889 3382 aliqui
908 3319 1119 3382 ex·antiquis,et
1130 3320 1223 3375 omnes,

117 3384 177 3434 fere
189 3390 318 3445 recentes,
327 3398 385 3432 oum
394 3384 443 3434 ubi.
454 3384 490 3433 ita
502 3391 529 3433 et
540 3386 670 3432 Donatus.
687 3383 732 3432 Fu.
765 3381 835 3432 Illud
845 3383 955 3446 rusculi,
967 3383 1035 3446 quod
1045 3389 1087 3433 est
1100 3384 1126 3433 iu
1138 3385 1218 3448 pluri·

118 3449 168 3499 bns
181 3447 259 3497 codd.
276 3462 408 3512 nusquam,
425 3449 524 3511 opinor,
543 3449 605 3496 alibi
622 3447 767 3497 invenitur:
784 3461 839 3496 oum
855 3447 896 3496 udi
915 3461 1002 3497 versus
1019 3447 1075 3510 ipse
1087 3450 1217 3513 repudiat.

118 3515 194 3576 Lego
209 3512 298 3573 igitur,
313 3527 369 3561 oum
387 3511 440 3560 titi.
466 3512 604 3562 Bent.1ta
623 3512 702 3562 Both.
737 3512 784 3560 Bt.
802 3518 830 3560 et
846 3511 915 3560 Peri.
928 3526 988 3560 ouuc
1009 3513 1122 3563 ott-84
1139 3516 1218 3563 Varie

119 3579 177 3627 haec
188 3577 319 3637 leguntur.
331 3576 430 3625 Mureti
450 3577 537 3625 culcior
555 3576 579 3624 h.
597 3590 619 3626 e.
639 3575 737 3637 decipi,
753 3575 823 3624 ridet
843 3576 915 3639 Lips.
932 3577 1020 3640 legens
1031 3578 1138 3626 claudere
1157 3579 1180 3628 h.
1193 3593 1218 3627 e.

119 3639 271 3699 claudicare
288 3647 315 3690 et
332 3639 452 3689 deiicere.
471 3641 504 3691 G.
523 3641 584 3689 EM.
604 3648 633 3689 et
650 3639 742 3689 Leidd.
762 3654 836 3701 unus,
854 3641 1034 3690 lotercluudier:
1050 3641 1217 3704 additumque

121 3706 173 3755 alia
182 3719 272 3764 manu,
283 3705 291 3731 ‘
304 3703 435 3767 intercipi,
445 3705 505 3768 quin
522 3718 624 3765 semper
641 3703 765 3765 facerem,
783 3718 839 3767 quae
852 3703 975 3753 voluisti!
993 3704 1043 3753 Sed
1055 3712 1083 3754 et
1093 3702 1219 3753 interclau-

121 3772 175 3819 dier
191 3783 226 3818 ex
244 3769 309 3817 Mes.
329 3775 358 3817 et
376 3767 453 3817 codd.
472 3773 538 3817 vett.
558 3767 649 3817 laudat
668 3766 743 3817 Lind.
768 3769 803 3816 Et
820 3774 860 3816 est
877 3768 902 3816 in
919 3769 975 3817 ΕΡ.
995 3767 1106 3816 videet
1125 3768 1218 3818 Berth'.

122 3834 237 3882 Advers.
256 3842 363 3883 xxxtu.
380 3836 405 3880 t.
424 3832 501 3882 West.
535 3831 565 3880 In
577 3846 644 3880 omn.
656 3831 724 3880 Pail.
739 3836 807 3880 teste
818 3833 880 3882 Par.
890 3831 1002 3880 claudier.
1014 3831 1079 3880 GM.
1091 3832 1219 3881 interclau-

121 3899 181 3948 tter.
194 3899 273 3947 Bent.
284 3896 445 3946 Both..Peri.
456 3896 616 3945 intercludler.
633 3895 679 3944 Br.
699 3896 772 3944 Bem.
784 3896 814 3945 Z.
828 3903 856 3944 ut
868 3899 987 3944 nese—86
1006 3896 1050 3945 Br.
1059 3895 1217 3946 dixisti-8⁷

622 4023 729 4074 NOTAE

155 4129 186 4174 86
217 4124 259 4173 Ex
283 4122 417 4186 AEllriopio]
444 4122 572 4188 Quicquid
596 4123 666 4173 ultre
693 4125 804 4188 Nigrum
821 4122 928 4172 Flumen
950 4127 991 4172 est
1006 4128 1046 4173 ‘et
1067 4121 1217 4187 AEgyptum,
