2678 4702
171 285 363 342 suesanus
388 285 600 340 usurarius
624 289 673 339 uu
697 291 838 342 urrais
862 274 1027 349 suasuri.
1081 280 1149 349 28³

96 430 176 492 idem
190 430 274 492 locus
288 448 346 491 non
360 448 464 510 parum
484 439 640 510 suspectus
661 441 717 503 est,
742 451 810 491 cum
829 432 859 492 in
873 434 961 493 nullis
976 432 1040 495 aliis
1053 436 1147 497 titulis

95 526 266 605 improprio
280 526 397 586 nomine
410 525 621 605 indigiteutur3
636 529 768 605 quamvis
783 527 902 588 dextras
921 530 1030 610 Lydius
1044 532 1147 604 tuisse,

96 640 181 700 pares
197 640 266 681 vero
280 620 434 700 Phrygias,
454 630 523 700 pust
537 623 688 683 Donatum
712 623 817 684 eruditi
840 624 901 684 fere
921 644 1023 685 omues
1047 626 1147 686 existi·

96 726 155 776 :nte
178 714 233 776 sed
247 725 327 776 utut
339 717 397 776 hoc
410 717 458 789 sit,
483 718 587 778 si·nec
609 717 677 778 duoe
697 718 818 792 dextrae,
839 738 894 778 uec
906 717 1021 781 ‘dextra
1044 720 1147 795 alters,

96 832 148 874 era
162 814 282 874 sinistra
293 813 411 887 suerint,
425 810 548 874 necesse
561 824 609 875 est
620 813 801 876 fuisse'duas
815 814 965 884 sinistram
983 820 1059 896 quas
1071 817 1147 879 sorte

96 908 161 968 inis
174 927 267 969 causa
280 909 423 968 Sarranae
437 926 525 986 quam
537 907 677 969 sinistras·
685 909 782 970 dicere
796 909 971 969 maluerunt.

96 1005 194 1082 Atque
214 1003 280 1063 haec
303 1002 342 1062 de
364 1003 555 1063 vexatissima
580 1004 746 1083 quoestiou'e
770 1005 880 1064 dixisse
904 1005 1041 1077 sufficiat,
1068 1024 1145 1081 cum,

96 1117 148 1157 uca
161 1097 240 1168 licet,
255 1116 273 1156 e
286 1098 372 1156 rebus
385 1108 483 1157 tamen
497 1099 568 1178 ipsis
583 1100 676 1178 petita
687 1101 756 1172 siut,
768 1108 799 1158 et
811 1099 935 1179 proinde
942 1115 1026 1170 uera,
1042 1111 1073 1160 et
1085 1103 1145 1174 illa,
1231 1151 1233 1156 .

96 1214 119 1252 us
144 1191 183 1253 de
205 1191 285 1251 tibiis
313 1192 343 1250 iu
370 1192 465 1253 titulis
493 1193 639 1266 dicuutur,
668 1194 741 1253 satis
768 1193 926 1272 explicent.
966 1196 1042 1255 Tota
1067 1196 1144 1255 enim

96 1287 178 1346 aestio
192 1287 309 1347 curiosa
321 1287 428 1365 magis,
442 1307 530 1367 quam
545 1288 634 1361 utilis,
653 1309 709 1349 nec
724 1288 760 1348 ad
776 1290 905 1349 Fabulas
918 1289 1022 1349 melius
1036 1290 1146 1349 intelli-

96 1382 167 1440 udas
188 1381 346 1459 quicquam
364 1382 493 1460 adjuvat,
514 1402 583 1442 cum
597 1383 710 1444 eaedem
724 1384 846 1444 Fabulae
860 1384 982 1443 diversis
996 1383 1085 1456 tibiis,
1099 1383 1144 1442 di-

96 1496 145 1536 ἰω
167 1495 237 1536 vero
259 1474 371 1536 eisdem
395 1485 558 1556 agerentur.
601 1478 647 1538 De
670 1479 749 1538 tibiis
770 1479 859 1557 igitur
881 1479 932 1556 qui
952 1478 1038 1557 plura
1064 1479 1145 1551 velit,
1214 1472 1223 1517 ·'

96 1580 141 1630 eat
154 1571 217 1631 Jul.
231 1571 425 1650 Scaligerum,
440 1572 628 1647 salmasium,
642 1574 683 1634 Is.
697 1574 856 1642 vossium:
882 1590 942 1651 prae
956 1572 1060 1632 ceteris
1074 1592 1144 1633 vero

102 1664 319 1738 Barthoiiuum‚
341 1666 392 1743 qui
414 1666 575 1728 decatum
596 1669 735 1744 materiis,
756 1669 868 1741 formis,
884 1660 1001 1743 usibus,
1022 1666 1142 1749 copiose

96 1779 141 1840 [ue
155 1760 270 1821 erudite
283 1760 412 1840 scripsit.

460 1981 734 1996 *m

460 2004 734 2024 ἡ

368 2174 573 2242 RICARDI
595 2176 825 2242 BENTLEII
903 2218 907 2223 -

269 2358 335 2423 DE
370 2357 550 2423 METRIS
586 2359 916 2426 TERENTIANIS

475 2539 713 2589 ΣΧΕΔΙΑΣΜΑ.

386 2715 500 2796 Ἀρσιι,
514 2716 608 2790 Θέσιε,
622 2725 652 2778 et
663 2717 793 2779 Διποδία.

96 2863 213 2904 uascus
227 2862 330 2904 versus
345 2862 482 2903 senorum
494 2842 605 2924 *pedum
622 2844 734 2904 Latinis
747 2844 892 2906 veteribus
907 2847 1038 2906 senarius
1052 2864 1140 2907 voca-

96 2960 141 3015 ur,
162 2961 181 3001 a
194 2940 304 3019 pedum
319 2951 348 2999 et
361 2940 470 2999 ictuum
485 2958 617 2999 numero.
658 2940 809 3014 Horatius,
823 2941 887 3000 Art.
901 2940 985 3000 Poet.
1001 2943 1071 3001 251.

167 3068 292 3148 Syllaba
305 3068 397 3146 longa
409 3066 490 3126 breui
505 3067 638 3145 subjecta
651 3076 773 3126 vocatur
787 3067 916 3139 Iambus,

166 3161 225 3222 Pes
240 3163 334 3222 citus:
356 3162 435 3222 uude
449 3163 537 3222 etism
552 3162 698 3221 Trimetris
712 3179 880 3221 accrescere
887 3161 980 3247 jussit

167 3255 284 3317 Nomen
297 3258 430 3330 iambeis‚
444 3276 510 3317 cum
525 3274 612 3315 senos
626 3254 763 3316 redderet
773 3255 850 3315 ictus

165 3348 283 3413 Primus
298 3352 337 3411 ad
350 3362 510 3412 extremum
524 3350 625 3410 similis
639 3349 704 3410 sibi.

96 3493 114 3545 ι,
135 3472 241 3551 iuquit,
264 3471 357 3532 habet
369 3472 446 3531 ictus
460 3490 562 3532 versus
577 3472 727 3551 senarius,
748 3478 889 3530 ettamen
903 3468 1061 3533 Trimetrus
1075 3475 1138 3536 sive

96 3566 201 3626 uarius
215 3565 329 3627 Graecis
345 3576 482 3634 vocatum
504 3566 589 3644 quasi
613 3577 673 3626 tres
697 3557 811 3625 tautum
835 3566 912 3626 ictus
933 3567 1078 3641 redderet,
1098 3572 1137 3629 ob

96 3662 127 3722 iis
139 3659 330 3734 celeritatem,
344 3667 507 3743 praesertim
521 3681 588 3722 cum
603 3669 683 3722 totus
697 3660 803 3721 iambis
816 3661 897 3740 puris
912 3661 1046 3723 decurrit.
1080 3664 1136 3722 La·

117 3757 208 3836 igitur
231 3776 284 3835 per
304 3756 487 3837 μονιποὸίαν.
500 3756 634 3837 singulos
647 3755 752 3838 pedes,
764 3756 820 3817 hos
834 3776 935 3818 versus
948 3757 1135 3824 dividebsnu

96 3853 141 3914 eci
154 3872 208 3933 per
221 3851 362 3927 διποδίαν,
388 3874 439 3914 seu
458 3853 635 3933 geminatos.
676 3853 762 3926 Inde,
784 3852 835 3932 qui
849 3852 961 3913 Graecis
974 3861 1020 3910 est
1033 3851 1137 3920 Tetra·

96 3967 163 4022 uus,
175 3948 302 4008 Varroni
316 3968 334 4007 a
347 3949 457 4026 pedum
471 3967 592 4009 numero
606 3958 652 4008 est
668 3948 856 4009 octonarius.
896 3947 975 4006 Jubs
989 3965 1040 4004 rex
1053 3945 1136 4025 apud

96 4044 182 4104 inum
194 4041 233 4101 de
247 4042 363 4116 Metuis,
374 4062 407 4123 p.
421 4045 512 4104 2712.
532 4049 541 4078 ⁸
554 4042 754 4110 Quod-autem
773 4042 850 4103 binis
873 4038 1007 4119 pedibus,
1030 4049 1061 4100 et
1073 4059 1135 4102 nou
