2678 4702
432 301 603 351 uuuucrrr
632 304 712 353 rur.
730 302 786 355 rr.
809 305 861 352 su.
885 308 935 354 vr.
1164 295 1233 364 489

125 442 197 512 Sed
212 462 327 508 eccam
342 444 475 527 ipsam:
498 447 596 511 miror
611 449 668 512 ubi
684 470 745 534 ego
759 452 836 516 huic
851 453 1090 519 antevorterim.

123 633 226 684 oedibur.
259 633 307 684 Sed
317 634 460 698 cercinum.
494 636 610 686 Mirerirr
620 652 667 702 que
675 645 743 701 purte
753 638 857 689 vitreum
867 642 1038 692 untererrerdm.

123 868 316 922 Gueliiz-lt
333 873 806 937 ipevideer.Lipr.EP.E'1'.EV.
821 883 843 928 1.
863 878 942 928 Wert.
976 879 1105 942 ipauideo
1116 882 1148 933 R.
1175 884 1229 946 ugr

122 938 182 984 ltine
193 937 257 985 Vet.
270 937 333 986 Cod.
350 937 422 988 Lr'rrd.
456 939 507 988 Me.
519 939 602 988 Paris.
615 955 657 1005 ap.
668 942 731 991 Par.
743 942 807 993 dirue.
845 943 918 993 Video
937 953 996 1008 pust
1013 945 1090 1010 ‘ipa'
1107 947 1194 1000 Guett.
1205 955 1230 1002 ³.

123 1001 196 1050 Perl.
230 1001 280 1064 Ipr.
291 1000 358 1052 uider
368 1009 396 1053 et
406 1003 460 1054 truie
470 1017 513 1078 ege
522 1005 617 1070 Delpiu

546 1267 801 1283 mm

546 1285 801 1304 m

421 1475 575 1543 ACTUS
600 1478 663 1543 IV.
687 1476 843 1545 SGENA
866 1477 930 1543 VI.

409 1685 536 1734 ΤΗΑΙΒ.
559 1687 748 1737 CHREMES·
773 1687 954 1735 PYTHIAS·
1154 1706 1172 1746 J

120 1801 197 1866 ΤΗ.
219 1799 350 1865 Cauno
374 1802 529 1885 equidem
551 1804 644 1868 illum
666 1805 739 1889 jam
757 1805 936 1871 affuturum
951 1822 1036 1883 esse,
1048 1808 1085 1870 ut
1098 1803 1190 1870 illam
1205 1821 1227 1866 a

255 1923 309 1967 ma
324 1905 455 1986 eripiat·
501 1907 581 1970 Siue
595 1909 726 1972 veniat!

121 2001 245 2086 Atqui,
261 2006 289 2068 si
305 2007 396 2070 illam
410 2009 515 2090 digito
531 2010 678 2092 attigerit
692 2031 771 2088 uno,
785 2012 873 2074 oculi
884 2010 978 2074 illico
993 2007 1204 2073 effudiuntur·
1291 2019 1293 2023 ’

119 2104 242 2187 Usque
259 2106 346 2172 adeo
362 2128 424 2191 ego
445 2110 536 2175 illius
556 2111 642 2176 ferre
663 2131 807 2196 possum
827 2112 971 2195 ineptias
991 2117 1025 2176 et
1047 2110 1227 2194 magnifica

252 2209 356 2273 verba

119 2301 241 2371 Verba
257 2308 336 2373 dum
352 2258 441 2377 {inu
465 2331 582 2377 verum
596 2314 696 2391 euim,
707 2314 737 2378 si
751 2315 794 2379 ad
809 2335 876 2379 reru
891 2315 1227 2398 conferentuuvapu·

251 2409 348 2476 labit.

122 2511 194 2574 CH.
216 2513 334 2592 Thais,
349 2536 411 2598 ego
422 2517 624 2599 jamdudum
632 2503 693 2583 iric
709 2518 837 2584 adsum.
879 2521 949 2585 Tu·
965 2517 995 2584 0
1010 2518 1057 2584 mi
1072 2516 1225 2597 Chreme,

252 2622 284 2680 te
296 2619 409 2699 ipsum
424 2623 658 2704 expectabam·
1201 2622 1226 2686 5

153 2805 206 2855 Ter.
223 2805 289 2856 Puto
301 2813 363 2858 certe
373 2808 439 2859 illum
458 2811 598 2860 Timrouem
617 2825 672 2860 mre
689 2812 852 2874 adventurum,
869 2815 897 2860 ut
907 2812 974 2861 idum
991 2809 1141 2873 Perreptrilum
1158 2822 1227 2858 erue

118 2871 211 2930 rapiat.
245 2870 405 2922 Stueuerriutr
421 2875 496 2938 utqui,
506 2877 528 2924 ei
539 2877 605 2924 illum
616 2891 704 2924 ummo
715 2876 825 2937 attigerit
840 2876 927 2938 digito,
937 2875 1021 2924 rtatim
1037 2876 1059 2923 ei
1071 2873 1132 2922 eruli
1142 2887 1227 2923 erueru-

72 2936 74 2941 ’
119 2940 171 2982 tur.
205 2934 370 3000 Addictasque
381 2941 481 2989 tolerare
493 2955 587 3003 puerum
598 2940 774 3004 iltiurr'ueptiur
788 2946 811 2990 et
826 2940 1020 3000 gloriorererbu,
1035 2940 1158 2987 dummwe
1173 2943 1226 2986 tutr-

120 3003 173 3046 tum
184 2999 234 3049 siut
244 3001 330 3050 rude:
347 3018 411 3065 num,
421 3004 444 3052 ri
454 3006 480 3053 iu
491 3020 541 3053 rem
551 3007 702 3069 deducantur,
712 3011 744 3062 et,
755 3021 808 3070 que
823 3006 863 3054 uu
874 3005 942 3064 dicit,
949 3018 1016 3068 opere
1026 3004 1111 3066 exequi
1121 3008 1225 3064 eruetur,

117 3063 200 3125 plagia
214 3065 327 3116 radetur.
369 3070 421 3118 Cn.
449 3069 530 3134 Their,
543 3069 597 3131 jum
612 3072 706 3134 pridem
722 3071 767 3120 true
785 3070 877 3120 adveni.
909 3071 962 3119 Tu.
988 3070 1011 3117 0
1027 3067 1061 3117 rui
1079 3065 1189 3130 Chreme,
1201 3071 1225 3116 te

590 3212 726 3234 ”Omm
729 3212 774 3231 eu

154 3318 168 3362 l
187 3312 247 3362 Siue
262 3311 355 3376 reniet]
372 3312 439 3362 Here
457 3312 551 3363 abeunt
568 3328 583 3363 a
600 3315 652 3364 Mu.
672 3314 742 3378 lips.
764 3313 840 3364 Weet.
876 3313 953 3361 Crede
971 3309 1076 3372 equidem
1092 3308 1159 3358 iilum
1169 3305 1224 3383 jura

118 3378 253 3442 affuturum
263 3382 290 3426 ut
301 3380 367 3427 illum
377 3393 392 3426 u
403 3393 440 3428 me
450 3379 549 3442 eripiat:
566 3379 628 3441 eine]
645 3379 722 3428 Hunc
734 3393 836 3427 versum
855 3377 894 3425 ite
912 3377 937 3424 iu
951 3375 1079 3452 aliquibus
1090 3373 1108 3423 l.
1120 3388 1141 3422 r.
1154 3371 1224 3449 erdr-

118 3451 209 3492 nutum
221 3443 333 3503 invenio,
350 3449 380 3490 ut
396 3444 566 3506 comprendat
582 3445 660 3493 etiem
678 3444 785 3493 verbum
804 3442 895 3504 ueuiut,
910 3439 979 3506 quod
999 3454 1025 3488 ru
1045 3451 1174 3516 impressu
1185 3450 1225 3487 re·

118 3507 212 3571 quenti
231 3508 317 3556 versui
336 3508 494 3559 attribuitur.
529 3511 650 3559 Ceterum
671 3508 739 3574 quod
760 3507 888 3572 requitur,
904 3507 946 3570 qui
963 3508 986 3555 ri
1003 3506 1080 3565 iilum,
1099 3511 1137 3579 tta
1156 3502 1224 3551 solur

118 3573 196 3621 Bem.
208 3571 305 3620 lubet:
323 3572 366 3620 alii
379 3587 476 3633 omues,
491 3583 536 3622 aut
547 3575 622 3638 utqui,
640 3582 669 3624 ut
685 3582 713 3623 et
730 3575 859 3635 Donatus,
877 3578 921 3621 uut
937 3576 1014 3634 utque.
1049 3570 1168 3633 Iueptrum
1185 3580 1223 3616 vr.

118 3642 142 3686 3.
155 3644 195 3686 est
206 3636 232 3684 iu
244 3637 318 3686 Bem.
330 3642 358 3686 et
372 3634 452 3686 fuisse
463 3638 489 3685 in
502 3639 544 3688 Vi.
557 3649 585 3687 et
601 3640 745 3688 Decurtutu
757 3653 790 3688 ex
801 3652 890 3687 rasura
902 3637 1000 3685 uttimae
1012 3634 1093 3682 literae
1106 3635 1224 3694 apparet·

117 3703 166 3752 Fu.
190 3701 258 3750 Dete
268 3716 317 3750 erre
327 3716 386 3750 cuur
398 3709 463 3750 vett.
473 3702 542 3751 Edd.
559 3704 635 3752 Brut.
662 3703 731 3764 Jum]
743 3704 773 3752 C.
784 3703 810 3754 J.
823 3703 852 3766 [i.
864 3716 887 3750 e.
898 3700 1028 3750 cod-deu.
1039 3704 1069 3744 ut
1080 3692 1223 3770 putaurur,]

117 3768 216 3816 dudum.
234 3766 306 3814 Pert,
341 3767 399 3814 Erre
410 3766 497 3816 delent
508 3769 586 3816 Both.
603 3769 675 3817 Peri.
710 3769 778 3828 Erre,
789 3769 854 3817 ittam
865 3770 891 3815 ut
902 3765 988 3827 eripiet
997 3761 1094 3838 [telph.
1126 3758 1223 3834 Seue-ut

117 3828 210 3880 Guelf.
229 3833 302 3881 2.-e
319 3830 362 3879 Sic
382 3832 451 3894 iege,
467 3833 588 3895 attigerit,
607 3834 668 3881 eruli
683 3832 721 3881 itti
739 3833 802 3882 ittr'ro
820 3830 862 3895 eff.
880 3830 959 3878 Beut.
992 3827 1022 3876 Se
1034 3825 1223 3884 tliuueuuedrg.

114 3896 239 3958 attigerit,
256 3895 318 3945 eruti
335 3895 357 3943 ei
372 3896 436 3945 illico
447 3897 524 3946 Both.
557 3901 635 3960 Atque
647 3897 756 3960 Bru-3
774 3897 845 3960 Ejice
857 3893 917 3942 iliud
930 3907 992 3954 ege,·
1009 3889 1077 3955 quud
1088 3904 1104 3938 a
1115 3889 1223 3938 Donato

115 3961 194 4010 abest
210 3960 237 4008 iu
249 3959 316 4009 Edd.
329 3967 394 4009 vett.
412 3961 486 4010 Brut.
519 3962 573 4011 Dat
594 3962 672 4012 Both.
692 3963 723 4012 U.
734 3978 758 4012 u,
769 3962 834 4011 itlius
842 3958 866 4018 f.
875 3961 977 4019 ega-4
994 3957 1044 4005 Do.
1055 3962 1084 4003 et
1096 3953 1182 4002 Mutua
1193 3958 1223 4002 et

114 4024 142 4073 in
162 4024 230 4074 Edd.
245 4031 312 4074 vett.
331 4038 411 4073 verum
429 4026 460 4074 ri.
493 4027 574 4076 Certe
593 4027 655 4075 euim
671 4025 769 4076 frustra
788 4038 889 4074 vertum
909 4028 1009 4087 gravat.
1028 4020 1151 4094 Brute-5
1168 4017 1221 4068 Mt.

114 4089 191 4154 Lips.
208 4089 317 4139 dirum.
351 4089 416 4138 Mes.
427 4090 550 4152 Boecteri,
561 4105 619 4140 cunr
630 4092 667 4141 M.
680 4100 707 4141 et
718 4091 789 4156 Lipe.
801 4092 906 4153 expecto.
938 4087 982 4136 lta
991 4091 1020 4138 et
1030 4081 1158 4134 editrouer
1168 4096 1222 4131 uur-

113 4156 189 4205 nium
208 4153 401 4220 antiquissimae,
420 4159 448 4204 et
465 4153 645 4221 Autesignaui.
665 4156 741 4223 Wert.
774 4154 875 4205 Vereor
887 4157 916 4202 ut
926 4165 959 4203 ex
970 4150 1023 4203 ullu
1033 4147 1093 4201 ced·
1113 4150 1221 4212 aperta·
