2678 4702
125 280 191 347 222
491 292 725 342 enascrscus
750 291 852 341 nana

125 438 233 499 endum
248 445 465 496 concurrerent.
509 437 648 499 Licentiae
673 439 760 516 hujus
783 457 874 497 unum
896 404 1080 516 exemplum,
1102 439 1151 499 sed
1170 441 1202 498 in·

125 535 208 612 signe
221 531 381 591 admodum
396 530 475 591 dabo
489 553 524 592 ex
541 534 638 592 Plauti
652 534 833 605 Trinummo,
849 553 888 593 rr.
908 538 932 593 l.
953 538 1021 593 172.

220 641 293 696 Qaae‘
302 656 384 708 neque
395 641 492 692 fir-tora
504 657 551 692 nec
560 643 739 693 :factasunt
748 669 756 682 ·
766 649 853 692 tamen
866 644 934 692 il:ti
947 645 1045 694 scinnt.

124 745 158 803 In
180 742 237 802 boc
251 759 336 800 versu
351 739 443 800 cuivis
466 740 653 798 manifestum
669 748 714 797 est
728 737 803 797 duos
819 757 885 797 esse
899 739 992 817 pedes
1009 741 1147 812 creticos,
1166 741 1206 800 sed
1239 745 1247 779 ²

124 838 174 915 qui
189 836 369 915 dactylorum
385 835 472 914 plane
486 834 586 893 vicarii
599 845 679 893 sunt.
717 832 875 893 Innumero
896 847 967 895 sunt
992 836 1124 896 licentiae
1136 837 1208 916 hujus
1241 839 1245 873 ³

124 933 203 1011 apud
219 933 300 991 illum
314 931 465 1008 exempla;
487 951 542 990 nec
556 949 651 1009 panea
674 930 704 987 in
728 920 875 1002 Terentio,
899 930 971 990 lieet
983 932 1056 1004 hac,
1072 944 1105 992 ut
1119 928 1148 992 et
1158 933 1209 991 aliis
1242 935 1247 955 “·

123 1028 184 1088 l'ere
197 1029 344 1099 omnibus,
358 1027 466 1086 Plauto
480 1027 569 1106 longe
592 1026 708 1105 parcius
723 1036 841 1094 utatur:
864 1026 944 1105 quod
967 1029 1047 1087 inter
1061 1029 1208 1108 praecipuas
1243 1048 1247 1067 ’-

122 1124 251 1184 Terentii
266 1123 369 1183 laudes
392 1123 495 1181 merito
511 1122 721 1183 recensendum
736 1131 791 1193 est,
816 1123 876 1200 qui,
888 1125 1025 1200 quamvis
1043 1124 1074 1182 in
1088 1124 1208 1195 licentiis,

124 1219 184 1278 sive
198 1239 298 1279 aarum
320 1238 473 1278 numerum
488 1218 550 1278 sive
570 1237 678 1297 genera
701 1227 827 1296 spectes,
854 1218 1033 1278 adhibendis
1048 1230 1110 1279 tam
1124 1238 1208 1297 paron
1244 1248 1247 1261 ι

124 1315 178 1375 sibi
191 1315 355 1386 indulserit,
370 1328 533 1374 sermonem
549 1325 647 1372 tamen
661 1323 745 1372 tanta
759 1323 819 1374 arte
833 1316 1021 1393 temperavit,
1037 1327 1073 1375 ut
1087 1316 1207 1375 Plautina
1244 1320 1247 1374 l

122 1411 219 1470 minus
245 1421 392 1490 assurgat,
418 1422 447 1469 et
472 1409 638 1488 pedestrem
661 1408 754 1467 multo
776 1411 871 1488 magis
885 1412 1004 1471 referat.
1051 1412 1113 1471 Sed
1123 1411 1162 1470 ‘de
1173 1410 1206 1469 his
1245 1417 1247 1445 ³

121 1506 277 1568 hactenus.
1246 1512 1247 1520 ’

109 1646 113 1655 .
164 1603 307 1676 Alterum,
322 1602 402 1682 quod
415 1601 531 1681 plurimi
550 1611 596 1661 est
617 1602 648 1660 in
672 1602 730 1660 hoc
756 1610 929 1679 argumento
944 1601 1101 1680 ponderis,
1116 1613 1207 1662 estao-

123 1709 227 1757 centus
241 1718 328 1777 quem
353 1699 425 1768 dixi,
449 1718 502 1757 seu
528 1707 621 1767 tenor,
647 1717 706 1775 quo
724 1700 845 1757 verbum
869 1699 1036 1757 secundum
1062 1699 1207 1778 legitimam

121 1792 332 1872 pronuntiandi
346 1795 487 1852 rationem
512 1793 690 1853 modulatur.
733 1795 773 1852 Ut
789 1794 930 1853 enirnille
946 1814 1006 1853 non
1035 1805 1146 1855 temere
1159 1813 1206 1853 mo·

122 1890 247 1961 rendus,
262 1909 316 1949 nec
329 1890 444 1970 syllaba
457 1909 545 1969 quarn
561 1900 688 1969 occupat
710 1910 747 1949 ex
766 1889 856 1969 longa
880 1891 910 1948 in
924 1891 1047 1949 brevem
1070 1889 1207 1960 mutanda

121 1987 163 2046 ita
191 1988 312 2047 aliarum
336 1987 516 2066 syllabarum
539 1987 700 2064 quantitas,
727 1986 790 2063 ejus
816 1985 979 2063 praesertim
1007 2005 1080 2063 quae
1107 1996 1207 2044 acutam

107 2083 251 2162 proxime
264 2082 417 2163 praecedit,
432 2083 469 2138 ab
494 2100 529 2139 eo
554 2078 709 2159 plurimum
728 2078 857 2156 pendet;
879 2090 909 2138 et
921 2081 1119 2140 maximarum
1133 2082 1207 2139 licen·

121 2179 227 2237 tiarum
241 2179 314 2235 ratio
328 2176 398 2234 inde
420 2185 466 2235 est
480 2175 619 2254 petenda.
663 2174 750 2240 Quod
764 2185 798 2233 ut
817 2175 1030 2254 intelligamus,
1046 2177 1114 2237 haec
1127 2190 1207 2256 pauca

58 2263 64 2283 ¹
120 2273 252 2352 principii
267 2270 333 2331 loco
348 2271 385 2330 de
400 2280 506 2330 natura
520 2281 550 2331 et
563 2272 591 2329 vi
606 2280 745 2329 accentus
759 2273 849 2348 probe
864 2271 993 2330 tenenda
1008 2283 1092 2332 sunt.

163 2368 270 2440 Primo,
284 2367 314 2425 in
330 2367 408 2426 omni
423 2386 494 2426 voce
509 2386 577 2424 esse
592 2375 720 2435 acutam,
736 2385 860 2443 eamque
875 2385 964 2424 unam
979 2377 1110 2427 tantum.

162 2463 312 2536 Secundo,
324 2463 456 2522 ultimam
472 2480 621 2538 nunquam
638 2481 704 2520 esse
719 2471 846 2530 acutam,
861 2462 986 2539 ideoque
1001 2463 1032 2520 in
1049 2462 1206 2543 dissyllabis

121 2560 245 2637 priorem
261 2578 377 2637 semper
391 2557 476 2623 acui3
499 2558 578 2615 unde
591 2557 624 2615 fit
637 2568 671 2615 ut
691 2556 801 2615 ultimae
816 2557 919 2616 exilius
934 2572 1054 2631 sonent,
1069 2569 1100 2618 ct
1115 2560 1206 2618 obscu-

121 2656 180 2713 rius
195 2654 358 2713 audiantur.

161 2750 269 2820 Tertio,
292 2750 322 2807 in
347 2749 540 2828 polysyllabis
564 2748 736 2819 secundam,
761 2751 786 2808 si
808 2750 899 2829 longa
914 2752 961 2821 sit,
986 2761 1107 2810 acutam
1135 2769 1205 2814 essez

121 2846 195 2906 alias
210 2845 326 2904 tertiam
340 2847 376 2905 ab
391 2856 540 2912 extrema;
563 2847 640 2904 intra
656 2846 741 2904 trium
765 2845 842 2904 enim
858 2847 1039 2925 syllabarum
1054 2865 1207 2912 numerum,

121 2943 182 3001 sive
196 2942 243 3000 bae
258 2941 288 2998 in
302 2941 390 2999 verbo
406 2941 478 3000 soloe
493 2941 562 3012 sint,
578 2940 640 2998 sive
654 2940 776 3011 ultimae,
790 2951 907 3000 acutam
922 2961 1039 3020 semper
1055 2941 1207 3002 contineri:

119 3039 256 3116 ideoque,
272 3036 296 3094 si
310 3035 409 3114 plures
424 3045 541 3094 acutam
556 3035 771 3114 praecesserint,
786 3055 888 3095 omnes
904 3056 1008 3115 graves
1021 3058 1101 3110 esse,
1113 3039 1208 3116 pariter

120 3154 154 3192 ac
169 3134 246 3205 illas,
261 3154 328 3212 quae
343 3142 516 3210 sequuntur.

161 3230 285 3299 Quarto,
299 3248 366 3287 cum
381 3228 514 3307 syllabae,
530 3247 618 3305 quam
633 3240 738 3286 acutus
753 3239 837 3286 tenor
851 3237 988 3305 occupat,
1002 3246 1040 3286 ex
1054 3229 1209 3288 intentione

120 3323 194 3401 ejus,
209 3343 286 3383 nova
299 3323 436 3402 quaedam
455 3325 606 3402 quantitas
622 3323 756 3396 accedat,
772 3324 852 3381 istud
871 3324 1084 3382 incrementum
1100 3324 1209 3402 quanti·

119 3418 188 3477 tatis
202 3418 240 3476 de
254 3418 367 3497 syllaba
380 3419 515 3497 proxime⁴
525 3417 712 3496 praecedente
727 3418 946 3495 quodammodo
961 3417 1078 3476 detrahi
1092 3421 1210 3487 videtur,

120 3513 190 3571 dum
207 3532 263 3572 vox
288 3514 435 3592 loquentis
458 3533 510 3591 per
524 3533 588 3572 earn
606 3522 689 3590 rapte
703 3513 804 3584 fertur,
828 3524 861 3572 ut
876 3512 914 3572 ad
929 3522 1047 3572 acutam
1063 3516 1171 3585 veniat,
1185 3514 1210 3570 in

104 3629 179 3687 qua
191 3609 333 3688 insignior
347 3629 429 3667 mora
453 3608 608 3667 facienda:
636 3609 705 3666 hinc
727 3628 784 3668 usn
812 3610 891 3667 venit
918 3617 951 3665 ut
978 3608 1098 3687 syllaba
1121 3621 1209 3669 acutae

118 3706 250 3785 proxima
262 3724 315 3785 pro
334 3712 468 3781 correpta
480 3703 634 3774 habeatur,
661 3703 833 3782 breviorque
857 3714 943 3762 acuta
956 3703 1103 3774 videatur,
1129 3706 1210 3764 etiarn

118 3822 185 3861 cum
207 3802 272 3880 ipsa
286 3817 404 3878 quoque
429 3798 526 3858 brevis
545 3808 600 3858 est.
643 3799 895 3878 Exempla-hujus
918 3800 993 3859 infra
1007 3800 1131 3860 afferam
1156 3800 1209 3861 cla·

116 3897 242 3957 sissima.

103 4047 106 4053 .
159 3993 281 4066 Quinto,
296 4001 436 4053 accentus
449 3991 578 4070 legitime
600 3992 707 4071 migrat
720 4012 756 4052 ex
770 3990 933 4070 penultima
954 3991 984 4048 in
998 3989 1136 4051 ultimam
1150 3992 1209 4051 lon·

103 4107 197 4166 gam,
219 4092 336 4169 quoties
351 4090 416 4158 voci
438 4089 525 4149 alicui
550 4089 686 4150 enclitica
707 4088 848 4166 adjuncta
871 4096 928 4162 est,
950 4107 1018 4146 cum
1042 4088 1100 4147 hoc
1125 4099 1209 4167 pacto
