<?xml version="1.0" encoding="UTF-8"?>
<!DOCTYPE html PUBLIC "-//W3C//DTD XHTML 1.0 Transitional//EN"
    "http://www.w3.org/TR/xhtml1/DTD/xhtml1-transitional.dtd">
<html xmlns="http://www.w3.org/1999/xhtml" xml:lang="en" lang="en">
 <head>
  <title>
</title>
<meta http-equiv="Content-Type" content="text/html;charset=utf-8" />
  <meta name='ocr-system' content='tesseract 3.04.00' />
  <meta name='ocr-capabilities' content='ocr_page ocr_carea ocr_par ocr_line ocrx_word'/>
</head>
<body>
  <div class='ocr_page' id='page_1' title='image "./comoedisex03westgoog_0419.png"; bbox 0 0 2678 4702; ppageno 0'>
   <div class='ocr_carea' id='block_1_1' title="bbox 117 324 791 393">
    <p class='ocr_par' dir='ltr' id='par_1_1' title="bbox 117 324 791 393">
     <span class='ocr_line' id='line_1_1' title="bbox 117 324 791 393; baseline -0.003 0"><span class='ocrx_word' id='word_1_1' title='bbox 117 324 185 393; x_wconf 78' lang='lat'>898</span> <span class='ocrx_word' id='word_1_2' title='bbox 538 342 791 391; x_wconf 78' lang='lat' dir='ltr'>secunaum:</span> 
     </span>
    </p>
   </div>
   <div class='ocr_carea' id='block_1_2' title="bbox 122 481 1242 3264">
    <p class='ocr_par' dir='ltr' id='par_1_2' title="bbox 125 481 1211 786">
     <span class='ocr_line' id='line_1_2' title="bbox 125 481 1209 548; baseline 0.007 -18"><span class='ocrx_word' id='word_1_3' title='bbox 125 524 128 530; x_wconf 93' lang='lat'>.</span> <span class='ocrx_word' id='word_1_4' title='bbox 150 485 225 548; x_wconf 90' lang='lat' dir='ltr'>quelu</span> <span class='ocrx_word' id='word_1_5' title='bbox 237 498 286 547; x_wconf 89' lang='lat' dir='ltr'>per</span> <span class='ocrx_word' id='word_1_6' title='bbox 295 483 352 548; x_wconf 85' lang='lat' dir='ltr'>ejus</span> <span class='ocrx_word' id='word_1_7' title='bbox 364 481 506 532; x_wconf 84' lang='lat' dir='ltr'>absentiam</span> <span class='ocrx_word' id='word_1_8' title='bbox 518 483 565 532; x_wconf 87' lang='lat' dir='ltr'>sibl</span> <span class='ocrx_word' id='word_1_9' title='bbox 575 485 698 534; x_wconf 72' lang='lat' dir='ltr'>meretrix</span> <span class='ocrx_word' id='word_1_10' title='bbox 710 483 881 545; x_wconf 64' lang='lat' dir='ltr'>conciliarat:</span> <span class='ocrx_word' id='word_1_11' title='bbox 898 481 1088 548; x_wconf 83' lang='lat' dir='ltr'>affirmarit,se</span> <span class='ocrx_word' id='word_1_12' title='bbox 1097 489 1209 538; x_wconf 78' lang='lat' dir='ltr'>nou-aula</span> 
     </span>
     <span class='ocr_line' id='line_1_3' title="bbox 150 561 1208 629; baseline 0.005 -16"><span class='ocrx_word' id='word_1_13' title='bbox 150 565 269 614; x_wconf 86' lang='lat' dir='ltr'>daturum</span> <span class='ocrx_word' id='word_1_14' title='bbox 287 562 438 625; x_wconf 87' lang='lat' dir='ltr'>promissam</span> <span class='ocrx_word' id='word_1_15' title='bbox 451 562 583 625; x_wconf 75' lang='lat' dir='ltr'>virginem,</span> <span class='ocrx_word' id='word_1_16' title='bbox 595 577 671 626; x_wconf 88' lang='lat' dir='ltr'>quam</span> <span class='ocrx_word' id='word_1_17' title='bbox 682 563 758 614; x_wconf 87' lang='lat' dir='ltr'>Thais</span> <span class='ocrx_word' id='word_1_18' title='bbox 769 561 838 614; x_wconf 84' lang='lat' dir='ltr'>foras</span> <span class='ocrx_word' id='word_1_19' title='bbox 849 565 970 613; x_wconf 71' lang='lat' dir='ltr'>emulum</span> <span class='ocrx_word' id='word_1_20' title='bbox 983 566 1139 629; x_wconf 85' lang='lat' dir='ltr'>pepulisset.</span> <span class='ocrx_word' id='word_1_21' title='bbox 1168 568 1208 619; x_wconf 84' lang='lat' dir='ltr'>Illa</span> 
     </span>
     <span class='ocr_line' id='line_1_4' title="bbox 150 642 1210 709; baseline 0.004 -16"><span class='ocrx_word' id='word_1_22' title='bbox 150 644 240 704; x_wconf 67' lang='lat' dir='ltr'>igitur,</span> <span class='ocrx_word' id='word_1_23' title='bbox 252 643 301 691; x_wconf 88' lang='lat' dir='ltr'>etsi</span> <span class='ocrx_word' id='word_1_24' title='bbox 313 651 413 691; x_wconf 89' lang='lat' dir='ltr'>amaret</span> <span class='ocrx_word' id='word_1_25' title='bbox 425 642 580 704; x_wconf 83' lang='lat' dir='ltr'>Phaedriam,</span> <span class='ocrx_word' id='word_1_26' title='bbox 600 643 750 704; x_wconf 81' lang='lat' dir='ltr'>cupiditate</span> <span class='ocrx_word' id='word_1_27' title='bbox 765 649 852 691; x_wconf 81' lang='lat' dir='ltr'>tamen</span> <span class='ocrx_word' id='word_1_28' title='bbox 869 645 1063 707; x_wconf 79' lang='lat' dir='ltr'>recuperandae</span> <span class='ocrx_word' id='word_1_29' title='bbox 1076 646 1175 709; x_wconf 80' lang='lat' dir='ltr'>virginis</span> <span class='ocrx_word' id='word_1_30' title='bbox 1188 653 1210 708; x_wconf 77' lang='lat' dir='ltr'>et</span> 
     </span>
     <span class='ocr_line' id='line_1_5' title="bbox 150 713 1211 786; baseline 0.001 -13"><span class='ocrx_word' id='word_1_31' title='bbox 150 723 214 773; x_wconf 85' lang='lat' dir='ltr'>ciria</span> <span class='ocrx_word' id='word_1_32' title='bbox 226 721 331 782; x_wconf 74' lang='lat' dir='ltr'>Atticae,</span> <span class='ocrx_word' id='word_1_33' title='bbox 346 728 374 770; x_wconf 91' lang='lat' dir='ltr'>et</span> <span class='ocrx_word' id='word_1_34' title='bbox 383 736 458 786; x_wconf 86' lang='lat' dir='ltr'>quarn</span> <span class='ocrx_word' id='word_1_35' title='bbox 471 736 486 770; x_wconf 92' lang='lat' dir='ltr'>a</span> <span class='ocrx_word' id='word_1_36' title='bbox 497 723 603 784; x_wconf 73' lang='lat' dir='ltr'>paruula</span> <span class='ocrx_word' id='word_1_37' title='bbox 615 727 642 770; x_wconf 89' lang='lat' dir='ltr'>ut</span> <span class='ocrx_word' id='word_1_38' title='bbox 655 736 767 771; x_wconf 89' lang='lat' dir='ltr'>sororem</span> <span class='ocrx_word' id='word_1_39' title='bbox 779 722 919 786; x_wconf 80' lang='lat' dir='ltr'><strong>dilexerat,</strong></span> <span class='ocrx_word' id='word_1_40' title='bbox 932 726 1057 775; x_wconf 81' lang='lat' dir='ltr'>excludit</span> <span class='ocrx_word' id='word_1_41' title='bbox 1068 713 1211 777; x_wconf 81' lang='lat' dir='ltr'>Phaedriam.¹</span> 
     </span>
    </p>

    <p class='ocr_par' dir='ltr' id='par_1_3' title="bbox 123 799 1213 951">
     <span class='ocr_line' id='line_1_6' title="bbox 123 799 1211 865; baseline 0.003 -12"><span class='ocrx_word' id='word_1_42' title='bbox 123 817 126 824; x_wconf 91' lang='lat'>·</span> <span class='ocrx_word' id='word_1_43' title='bbox 150 803 219 853; x_wconf 84' lang='lat' dir='ltr'>Hinc</span> <span class='ocrx_word' id='word_1_44' title='bbox 231 802 275 851; x_wconf 87' lang='lat' dir='ltr'>ille</span> <span class='ocrx_word' id='word_1_45' title='bbox 293 801 378 865; x_wconf 89' lang='lat' dir='ltr'>primo</span> <span class='ocrx_word' id='word_1_46' title='bbox 392 801 527 851; x_wconf 70' lang='lat' dir='ltr'><strong>irascitur:</strong></span> <span class='ocrx_word' id='word_1_47' title='bbox 546 807 603 863; x_wconf 88' lang='lat' dir='ltr'>post</span> <span class='ocrx_word' id='word_1_48' title='bbox 616 808 727 864; x_wconf 80' lang='lat' dir='ltr'>accepta</span> <span class='ocrx_word' id='word_1_49' title='bbox 742 799 808 851; x_wconf 78' lang='lat' dir='ltr'>sacti</span> <span class='ocrx_word' id='word_1_50' title='bbox 826 804 939 864; x_wconf 91' lang='lat' dir='ltr'>ratione,</span> <span class='ocrx_word' id='word_1_51' title='bbox 958 818 974 852; x_wconf 88' lang='lat' dir='ltr'>a</span> <span class='ocrx_word' id='word_1_52' title='bbox 988 806 1095 856; x_wconf 85' lang='lat' dir='ltr'>Thaide</span> <span class='ocrx_word' id='word_1_53' title='bbox 1108 808 1211 857; x_wconf 82' lang='lat' dir='ltr'>lenitur:</span> 
     </span>
     <span class='ocr_line' id='line_1_7' title="bbox 148 880 1213 951; baseline 0.004 -19"><span class='ocrx_word' id='word_1_54' title='bbox 148 891 177 932; x_wconf 89' lang='lat' dir='ltr'>et</span> <span class='ocrx_word' id='word_1_55' title='bbox 188 882 215 932; x_wconf 89' lang='lat' dir='ltr'>in</span> <span class='ocrx_word' id='word_1_56' title='bbox 225 880 297 933; x_wconf 86' lang='lat' dir='ltr'>bidui</span> <span class='ocrx_word' id='word_1_57' title='bbox 310 880 421 945; x_wconf 84' lang='lat' dir='ltr'>spatium</span> <span class='ocrx_word' id='word_1_58' title='bbox 439 891 532 943; x_wconf 89' lang='lat' dir='ltr'>sponte</span> <span class='ocrx_word' id='word_1_59' title='bbox 545 882 690 929; x_wconf 78' lang='lat' dir='ltr'>concedens</span> <span class='ocrx_word' id='word_1_60' title='bbox 700 882 787 944; x_wconf 88' lang='lat' dir='ltr'>militi,</span> <span class='ocrx_word' id='word_1_61' title='bbox 795 893 842 931; x_wconf 78' lang='lat' dir='ltr'>‘rus</span> <span class='ocrx_word' id='word_1_62' title='bbox 854 882 1056 945; x_wconf 87' lang='lat' dir='ltr'>proficiscitur:</span> <span class='ocrx_word' id='word_1_63' title='bbox 1075 889 1213 951; x_wconf 74' lang='lat' dir='ltr'>statimque,</span> 
     </span>
    </p>

    <p class='ocr_par' dir='ltr' id='par_1_4' title="bbox 122 960 1213 1030">
     <span class='ocr_line' id='line_1_8' title="bbox 122 960 1213 1030; baseline 0.003 -17"><span class='ocrx_word' id='word_1_64' title='bbox 122 996 124 1001; x_wconf 82' lang='lat'><em>·</em></span> <span class='ocrx_word' id='word_1_65' title='bbox 148 978 181 1013; x_wconf 88' lang='lat' dir='ltr'>ue</span> <span class='ocrx_word' id='word_1_66' title='bbox 189 962 222 1013; x_wconf 87' lang='lat' dir='ltr'>ab</span> <span class='ocrx_word' id='word_1_67' title='bbox 233 961 325 1012; x_wconf 80' lang='lat' dir='ltr'>aemulo</span> <span class='ocrx_word' id='word_1_68' title='bbox 335 961 484 1012; x_wconf 87' lang='lat' dir='ltr'>muneribus</span> <span class='ocrx_word' id='word_1_69' title='bbox 496 967 673 1022; x_wconf 72' lang='lat' dir='ltr'><strong>superaretur,</strong></span> <span class='ocrx_word' id='word_1_70' title='bbox 685 960 836 1010; x_wconf 82' lang='lat' dir='ltr'>Eunuchum</span> <span class='ocrx_word' id='word_1_71' title='bbox 847 970 875 1011; x_wconf 86' lang='lat' dir='ltr'>et</span> <span class='ocrx_word' id='word_1_72' title='bbox 886 964 1004 1026; x_wconf 86' lang='lat' dir='ltr'>puellam</span> <span class='ocrx_word' id='word_1_73' title='bbox 1019 966 1213 1030; x_wconf 66' lang='lat' dir='ltr'>Parmenoni&#39;jsa·</span> 
     </span>
    </p>

    <p class='ocr_par' dir='ltr' id='par_1_5' title="bbox 124 1041 1212 1346">
     <span class='ocr_line' id='line_1_9' title="bbox 124 1041 1212 1097; baseline 0.003 -3"><span class='ocrx_word' id='word_1_74' title='bbox 124 1083 127 1087; x_wconf 82' lang='lat'><strong>.</strong></span> <span class='ocrx_word' id='word_1_75' title='bbox 149 1042 338 1095; x_wconf 87' lang='lat' dir='ltr'>betabieuaad</span> <span class='ocrx_word' id='word_1_76' title='bbox 354 1042 481 1091; x_wconf 78' lang='lat' dir='ltr'><strong>Thaidem</strong></span> <span class='ocrx_word' id='word_1_77' title='bbox 493 1041 633 1092; x_wconf 82' lang='lat' dir='ltr'>deducere.</span> <span class='ocrx_word' id='word_1_78' title='bbox 666 1044 763 1091; x_wconf 87' lang='lat' dir='ltr'>Verum</span> <span class='ocrx_word' id='word_1_79' title='bbox 775 1043 883 1091; x_wconf 77' lang='lat' dir='ltr'>Chaerea</span> <span class='ocrx_word' id='word_1_80' title='bbox 900 1042 988 1093; x_wconf 82' lang='lat' dir='ltr'>frater</span> <span class='ocrx_word' id='word_1_81' title='bbox 1009 1045 1140 1096; x_wconf 69' lang='lat' dir='ltr'>Phaedriae</span> <span class='ocrx_word' id='word_1_82' title='bbox 1159 1055 1212 1097; x_wconf 88' lang='lat' dir='ltr'>tuuc</span> 
     </span>
     <span class='ocr_line' id='line_1_10' title="bbox 149 1120 1209 1197; baseline 0.001 -23"><span class='ocrx_word' id='word_1_83' title='bbox 149 1123 334 1188; x_wconf 84' lang='lat' dir='ltr'>ephebus‚viaa</span> <span class='ocrx_word' id='word_1_84' title='bbox 346 1124 372 1172; x_wconf 93' lang='lat' dir='ltr'>in</span> <span class='ocrx_word' id='word_1_85' title='bbox 383 1122 423 1171; x_wconf 84' lang='lat' dir='ltr'>vla</span> <span class='ocrx_word' id='word_1_86' title='bbox 435 1122 545 1184; x_wconf 76' lang='lat' dir='ltr'>virgine,</span> <span class='ocrx_word' id='word_1_87' title='bbox 555 1120 726 1170; x_wconf 84' lang='lat' dir='ltr'>inflammatur</span> <span class='ocrx_word' id='word_1_88' title='bbox 737 1135 824 1171; x_wconf 89' lang='lat' dir='ltr'>amore</span> <span class='ocrx_word' id='word_1_89' title='bbox 835 1122 892 1186; x_wconf 86' lang='lat' dir='ltr'>ejus</span> <span class='ocrx_word' id='word_1_90' title='bbox 902 1131 1011 1189; x_wconf 85' lang='lat' dir='ltr'>;·atque</span> <span class='ocrx_word' id='word_1_91' title='bbox 1031 1141 1065 1174; x_wconf 88' lang='lat' dir='ltr'>eo</span> <span class='ocrx_word' id='word_1_92' title='bbox 1081 1128 1161 1176; x_wconf 84' lang='lat' dir='ltr'>evasit</span> <span class='ocrx_word' id='word_1_93' title='bbox 1174 1142 1209 1197; x_wconf 83' lang='lat' dir='ltr'>ve·</span> 
     </span>
     <span class='ocr_line' id='line_1_11' title="bbox 148 1201 1210 1266; baseline 0.001 -13"><span class='ocrx_word' id='word_1_94' title='bbox 148 1202 262 1253; x_wconf 87' lang='lat' dir='ltr'>hcmeuti</span> <span class='ocrx_word' id='word_1_95' title='bbox 274 1203 376 1264; x_wconf 88' lang='lat' dir='ltr'>ardore,</span> <span class='ocrx_word' id='word_1_96' title='bbox 389 1211 418 1252; x_wconf 90' lang='lat' dir='ltr'>ut</span> <span class='ocrx_word' id='word_1_97' title='bbox 430 1218 477 1266; x_wconf 85' lang='lat' dir='ltr'>pro</span> <span class='ocrx_word' id='word_1_98' title='bbox 490 1201 614 1252; x_wconf 82' lang='lat' dir='ltr'>Eunucho</span> <span class='ocrx_word' id='word_1_99' title='bbox 625 1202 680 1266; x_wconf 90' lang='lat' dir='ltr'>ipse</span> <span class='ocrx_word' id='word_1_100' title='bbox 692 1202 865 1252; x_wconf 81' lang='lat' dir='ltr'>deduceretur</span> <span class='ocrx_word' id='word_1_101' title='bbox 883 1202 916 1252; x_wconf 89' lang='lat' dir='ltr'>ad</span> <span class='ocrx_word' id='word_1_102' title='bbox 935 1203 1079 1259; x_wconf 88' lang='lat' dir='ltr'>Thaidem.</span> <span class='ocrx_word' id='word_1_103' title='bbox 1114 1207 1166 1256; x_wconf 85' lang='lat' dir='ltr'>llac</span> <span class='ocrx_word' id='word_1_104' title='bbox 1176 1210 1210 1255; x_wconf 70' lang='lat' dir='ltr'>oc⁴¹</span> 
     </span>
     <span class='ocr_line' id='line_1_12' title="bbox 149 1281 1208 1346; baseline -0.001 -13"><span class='ocrx_word' id='word_1_105' title='bbox 149 1284 253 1334; x_wconf 81' lang='lat' dir='ltr'>cesione</span> <span class='ocrx_word' id='word_1_106' title='bbox 265 1282 357 1332; x_wconf 84' lang='lat' dir='ltr'>vitiata</span> <span class='ocrx_word' id='word_1_107' title='bbox 368 1283 450 1346; x_wconf 69' lang='lat' dir='ltr'>virgo,</span> <span class='ocrx_word' id='word_1_108' title='bbox 460 1289 488 1331; x_wconf 87' lang='lat' dir='ltr'>et</span> <span class='ocrx_word' id='word_1_109' title='bbox 500 1294 557 1330; x_wconf 86' lang='lat' dir='ltr'>mox</span> <span class='ocrx_word' id='word_1_110' title='bbox 570 1281 643 1343; x_wconf 86' lang='lat' dir='ltr'>civis,</span> <span class='ocrx_word' id='word_1_111' title='bbox 659 1288 688 1331; x_wconf 92' lang='lat' dir='ltr'>et</span> <span class='ocrx_word' id='word_1_112' title='bbox 698 1281 790 1331; x_wconf 89' lang='lat' dir='ltr'>nobilis</span> <span class='ocrx_word' id='word_1_113' title='bbox 800 1282 915 1345; x_wconf 76' lang='lat' dir='ltr'>cognita,</span> <span class='ocrx_word' id='word_1_114' title='bbox 926 1283 1008 1333; x_wconf 87' lang='lat' dir='ltr'>datur</span> <span class='ocrx_word' id='word_1_115' title='bbox 1022 1299 1092 1334; x_wconf 88' lang='lat' dir='ltr'>uxor</span> <span class='ocrx_word' id='word_1_116' title='bbox 1104 1287 1208 1335; x_wconf 79' lang='lat' dir='ltr'>Chares.</span> 
     </span>
    </p>

    <p class='ocr_par' dir='ltr' id='par_1_6' title="bbox 122 1360 1242 2224">
     <span class='ocr_line' id='line_1_13' title="bbox 122 1360 1209 1426; baseline -0.002 -12"><span class='ocrx_word' id='word_1_117' title='bbox 122 1389 124 1394; x_wconf 95' lang='lat'>·</span> <span class='ocrx_word' id='word_1_118' title='bbox 149 1363 270 1414; x_wconf 68' lang='lat' dir='ltr'>Planus</span> <span class='ocrx_word' id='word_1_119' title='bbox 285 1377 346 1413; x_wconf 81' lang='lat' dir='ltr'>aero</span> <span class='ocrx_word' id='word_1_120' title='bbox 364 1371 393 1412; x_wconf 90' lang='lat' dir='ltr'>et</span> <span class='ocrx_word' id='word_1_121' title='bbox 409 1363 482 1411; x_wconf 84' lang='lat' dir='ltr'>miles</span> <span class='ocrx_word' id='word_1_122' title='bbox 501 1361 603 1418; x_wconf 85' lang='lat' dir='ltr'>rivales,</span> <span class='ocrx_word' id='word_1_123' title='bbox 624 1360 700 1410; x_wconf 90' lang='lat' dir='ltr'>ambo</span> <span class='ocrx_word' id='word_1_124' title='bbox 717 1360 860 1411; x_wconf 82' lang='lat' dir='ltr'>concordet</span> <span class='ocrx_word' id='word_1_125' title='bbox 881 1374 930 1424; x_wconf 91' lang='lat' dir='ltr'>per</span> <span class='ocrx_word' id='word_1_126' title='bbox 951 1363 1101 1425; x_wconf 75' lang='lat' dir='ltr'>parasitum</span> <span class='ocrx_word' id='word_1_127' title='bbox 1120 1364 1209 1426; x_wconf 60' lang='lat' dir='ltr'>redditij</span> 
     </span>
     <span class='ocr_line' id='line_1_14' title="bbox 149 1441 1242 1505; baseline -0.003 -9"><span class='ocrx_word' id='word_1_128' title='bbox 149 1445 277 1496; x_wconf 90' lang='lat' dir='ltr'>communi</span> <span class='ocrx_word' id='word_1_129' title='bbox 289 1445 372 1495; x_wconf 89' lang='lat' dir='ltr'>amica</span> <span class='ocrx_word' id='word_1_130' title='bbox 383 1445 439 1493; x_wconf 86' lang='lat' dir='ltr'>aine</span> <span class='ocrx_word' id='word_1_131' title='bbox 448 1444 591 1493; x_wconf 75' lang='lat' dir='ltr'>certamine</span> <span class='ocrx_word' id='word_1_132' title='bbox 603 1441 748 1505; x_wconf 86' lang='lat' dir='ltr'>potiuntur.</span> <span class='ocrx_word' id='word_1_133' title='bbox 782 1442 813 1490; x_wconf 88' lang='lat' dir='ltr'>In</span> <span class='ocrx_word' id='word_1_134' title='bbox 826 1441 908 1504; x_wconf 90' lang='lat' dir='ltr'>primo</span> <span class='ocrx_word' id='word_1_135' title='bbox 921 1450 987 1491; x_wconf 87' lang='lat' dir='ltr'>actu</span> <span class='ocrx_word' id='word_1_136' title='bbox 998 1443 1127 1494; x_wconf 79' lang='lat' dir='ltr'>Phaedria</span> <span class='ocrx_word' id='word_1_137' title='bbox 1136 1445 1207 1493; x_wconf 86' lang='lat' dir='ltr'>erclu·</span> <span class='ocrx_word' id='word_1_138' title='bbox 1240 1499 1242 1505; x_wconf 37' lang='grc'>,</span> 
     </span>
     <span class='ocr_line' id='line_1_15' title="bbox 149 1523 1206 1587; baseline -0.004 -11"><span class='ocrx_word' id='word_1_139' title='bbox 149 1537 193 1576; x_wconf 90' lang='lat' dir='ltr'>snt</span> <span class='ocrx_word' id='word_1_140' title='bbox 203 1525 334 1587; x_wconf 88' lang='lat' dir='ltr'>aThaide,</span> <span class='ocrx_word' id='word_1_141' title='bbox 345 1531 372 1574; x_wconf 91' lang='lat' dir='ltr'>et</span> <span class='ocrx_word' id='word_1_142' title='bbox 383 1536 468 1573; x_wconf 88' lang='lat' dir='ltr'>aecum</span> <span class='ocrx_word' id='word_1_143' title='bbox 481 1523 572 1586; x_wconf 86' lang='lat' dir='ltr'>primo,</span> <span class='ocrx_word' id='word_1_144' title='bbox 588 1529 616 1572; x_wconf 92' lang='lat' dir='ltr'>et</span> <span class='ocrx_word' id='word_1_145' title='bbox 632 1536 691 1571; x_wconf 85' lang='lat' dir='ltr'>mox</span> <span class='ocrx_word' id='word_1_146' title='bbox 701 1537 761 1571; x_wconf 88' lang='lat' dir='ltr'>cum</span> <span class='ocrx_word' id='word_1_147' title='bbox 773 1523 937 1571; x_wconf 85' lang='lat' dir='ltr'>Parmenone</span> <span class='ocrx_word' id='word_1_148' title='bbox 948 1525 1124 1587; x_wconf 87' lang='lat' dir='ltr'>conqueritur</span> <span class='ocrx_word' id='word_1_149' title='bbox 1140 1523 1206 1574; x_wconf 84' lang='lat' dir='ltr'>fortu-</span> 
     </span>
     <span class='ocr_line' id='line_1_16' title="bbox 148 1601 1206 1668; baseline -0.005 -13"><span class='ocrx_word' id='word_1_150' title='bbox 148 1619 195 1655; x_wconf 85' lang='lat' dir='ltr'>nas</span> <span class='ocrx_word' id='word_1_151' title='bbox 206 1619 283 1654; x_wconf 82' lang='lat' dir='ltr'>atras:</span> <span class='ocrx_word' id='word_1_152' title='bbox 300 1611 329 1654; x_wconf 91' lang='lat' dir='ltr'>et</span> <span class='ocrx_word' id='word_1_153' title='bbox 340 1603 372 1653; x_wconf 87' lang='lat' dir='ltr'>sd</span> <span class='ocrx_word' id='word_1_154' title='bbox 384 1608 540 1667; x_wconf 89' lang='lat' dir='ltr'>postremum</span> <span class='ocrx_word' id='word_1_155' title='bbox 550 1616 634 1650; x_wconf 88' lang='lat' dir='ltr'>coram</span> <span class='ocrx_word' id='word_1_156' title='bbox 647 1609 752 1651; x_wconf 88' lang='lat' dir='ltr'>accusat</span> <span class='ocrx_word' id='word_1_157' title='bbox 763 1601 895 1651; x_wconf 77' lang='lat' dir='ltr'>Thaidem.</span> <span class='ocrx_word' id='word_1_158' title='bbox 930 1602 1037 1652; x_wconf 87' lang='lat' dir='ltr'>Rursus</span> <span class='ocrx_word' id='word_1_159' title='bbox 1049 1606 1206 1668; x_wconf 79' lang='lat' dir='ltr'>permulcetur</span> 
     </span>
     <span class='ocr_line' id='line_1_17' title="bbox 148 1681 1204 1746; baseline -0.004 -10"><span class='ocrx_word' id='word_1_160' title='bbox 148 1685 293 1746; x_wconf 82' lang='lat' dir='ltr'>abeodem,</span> <span class='ocrx_word' id='word_1_161' title='bbox 305 1689 333 1732; x_wconf 87' lang='lat' dir='ltr'>et</span> <span class='ocrx_word' id='word_1_162' title='bbox 345 1683 478 1732; x_wconf 84' lang='lat' dir='ltr'>voluntate</span> <span class='ocrx_word' id='word_1_163' title='bbox 487 1681 644 1744; x_wconf 79' lang='lat' dir='ltr'>digrediens,</span> <span class='ocrx_word' id='word_1_164' title='bbox 653 1696 697 1730; x_wconf 91' lang='lat' dir='ltr'>rus</span> <span class='ocrx_word' id='word_1_165' title='bbox 712 1695 770 1730; x_wconf 83' lang='lat' dir='ltr'>sese</span> <span class='ocrx_word' id='word_1_166' title='bbox 782 1695 969 1731; x_wconf 86' lang='lat' dir='ltr'>concessurum</span> <span class='ocrx_word' id='word_1_167' title='bbox 981 1681 1010 1730; x_wconf 90' lang='lat' dir='ltr'>in</span> <span class='ocrx_word' id='word_1_168' title='bbox 1024 1685 1137 1746; x_wconf 88' lang='lat' dir='ltr'>spatium</span> <span class='ocrx_word' id='word_1_169' title='bbox 1149 1682 1204 1733; x_wconf 85' lang='lat' dir='ltr'>bidui</span> 
     </span>
     <span class='ocr_line' id='line_1_18' title="bbox 148 1753 1203 1829; baseline -0.004 -13"><span class='ocrx_word' id='word_1_170' title='bbox 148 1780 206 1816; x_wconf 85' lang='lat' dir='ltr'>esse</span> <span class='ocrx_word' id='word_1_171' title='bbox 217 1764 355 1829; x_wconf 87' lang='lat' dir='ltr'>promittit.</span> <span class='ocrx_word' id='word_1_172' title='bbox 389 1753 524 1811; x_wconf 73' lang='lat' dir='ltr'>Secundus</span> <span class='ocrx_word' id='word_1_173' title='bbox 543 1770 627 1823; x_wconf 89' lang='lat' dir='ltr'>actus,</span> <span class='ocrx_word' id='word_1_174' title='bbox 648 1761 836 1825; x_wconf 76' lang='lat' dir='ltr'>profectionem</span> <span class='ocrx_word' id='word_1_175' title='bbox 855 1760 989 1811; x_wconf 73' lang='lat' dir='ltr'>Phudriae</span> <span class='ocrx_word' id='word_1_176' title='bbox 1008 1763 1136 1826; x_wconf 87' lang='lat' dir='ltr'>continet,</span> <span class='ocrx_word' id='word_1_177' title='bbox 1149 1763 1203 1812; x_wconf 87' lang='lat' dir='ltr'>dele·</span> 
     </span>
     <span class='ocr_line' id='line_1_19' title="bbox 149 1839 1202 1906; baseline -0.002 -14"><span class='ocrx_word' id='word_1_178' title='bbox 149 1843 234 1906; x_wconf 75' lang='lat' dir='ltr'>gantis</span> <span class='ocrx_word' id='word_1_179' title='bbox 244 1857 320 1892; x_wconf 85' lang='lat' dir='ltr'>servo</span> <span class='ocrx_word' id='word_1_180' title='bbox 330 1840 514 1890; x_wconf 85' lang='lat' dir='ltr'>deductionem</span> <span class='ocrx_word' id='word_1_181' title='bbox 527 1839 644 1888; x_wconf 89' lang='lat' dir='ltr'>Eunuchi</span> <span class='ocrx_word' id='word_1_182' title='bbox 656 1849 684 1889; x_wconf 90' lang='lat' dir='ltr'>et</span> <span class='ocrx_word' id='word_1_183' title='bbox 695 1841 788 1904; x_wconf 80' lang='lat' dir='ltr'>puellae</span> <span class='ocrx_word' id='word_1_184' title='bbox 800 1840 833 1888; x_wconf 91' lang='lat' dir='ltr'>ad</span> <span class='ocrx_word' id='word_1_185' title='bbox 844 1839 991 1900; x_wconf 70' lang='lat' dir='ltr'>Thaidem:</span> <span class='ocrx_word' id='word_1_186' title='bbox 1011 1847 1070 1891; x_wconf 88' lang='lat' dir='ltr'>turn</span> <span class='ocrx_word' id='word_1_187' title='bbox 1083 1843 1202 1905; x_wconf 75' lang='lat' dir='ltr'>perstituri</span> 
     </span>
     <span class='ocr_line' id='line_1_20' title="bbox 148 1919 1202 1988; baseline -0.003 -15"><span class='ocrx_word' id='word_1_188' title='bbox 148 1925 307 1988; x_wconf 87' lang='lat' dir='ltr'>loquentem,</span> <span class='ocrx_word' id='word_1_189' title='bbox 317 1934 450 1984; x_wconf 86' lang='lat' dir='ltr'>perquem</span> <span class='ocrx_word' id='word_1_190' title='bbox 461 1920 533 1982; x_wconf 78' lang='lat' dir='ltr'>virgo</span> <span class='ocrx_word' id='word_1_191' title='bbox 543 1919 653 1970; x_wconf 84' lang='lat' dir='ltr'>amilita</span> <span class='ocrx_word' id='word_1_192' title='bbox 663 1920 731 1969; x_wconf 89' lang='lat' dir='ltr'>dono</span> <span class='ocrx_word' id='word_1_193' title='bbox 747 1921 835 1969; x_wconf 83' lang='lat' dir='ltr'>amicae</span> <span class='ocrx_word' id='word_1_194' title='bbox 850 1920 930 1968; x_wconf 83' lang='lat' dir='ltr'>missa</span> <span class='ocrx_word' id='word_1_195' title='bbox 940 1926 1001 1981; x_wconf 77' lang='lat' dir='ltr'>est3</span> <span class='ocrx_word' id='word_1_196' title='bbox 1020 1927 1078 1972; x_wconf 86' lang='lat' dir='ltr'>tum</span> <span class='ocrx_word' id='word_1_197' title='bbox 1092 1923 1202 1973; x_wconf 76' lang='lat' dir='ltr'>interven·</span> 
     </span>
     <span class='ocr_line' id='line_1_21' title="bbox 148 2001 1203 2065; baseline -0.004 -10"><span class='ocrx_word' id='word_1_198' title='bbox 148 2012 203 2055; x_wconf 84' lang='lat' dir='ltr'>tum</span> <span class='ocrx_word' id='word_1_199' title='bbox 216 2003 331 2054; x_wconf 77' lang='lat' dir='ltr'>Chaereas</span> <span class='ocrx_word' id='word_1_200' title='bbox 345 2002 455 2052; x_wconf 86' lang='lat' dir='ltr'>amantia</span> <span class='ocrx_word' id='word_1_201' title='bbox 467 2001 602 2065; x_wconf 75' lang='lat' dir='ltr'>virginem,</span> <span class='ocrx_word' id='word_1_202' title='bbox 613 2001 780 2065; x_wconf 87' lang='lat' dir='ltr'>ejusdemque</span> <span class='ocrx_word' id='word_1_203' title='bbox 789 2015 848 2050; x_wconf 88' lang='lat' dir='ltr'>cum</span> <span class='ocrx_word' id='word_1_204' title='bbox 859 2001 1030 2052; x_wconf 78' lang='lat' dir='ltr'>Parmenone</span> <span class='ocrx_word' id='word_1_205' title='bbox 1042 2003 1168 2052; x_wconf 86' lang='lat' dir='ltr'>consiliam</span> <span class='ocrx_word' id='word_1_206' title='bbox 1177 2003 1203 2051; x_wconf 84' lang='lat' dir='ltr'>de</span> 
     </span>
     <span class='ocr_line' id='line_1_22' title="bbox 148 2080 1200 2147; baseline -0.005 -13"><span class='ocrx_word' id='word_1_207' title='bbox 148 2084 240 2134; x_wconf 88' lang='lat' dir='ltr'>eadem</span> <span class='ocrx_word' id='word_1_208' title='bbox 253 2082 374 2147; x_wconf 88' lang='lat' dir='ltr'>potienda</span> <span class='ocrx_word' id='word_1_209' title='bbox 385 2097 432 2146; x_wconf 89' lang='lat' dir='ltr'>per</span> <span class='ocrx_word' id='word_1_210' title='bbox 445 2080 590 2131; x_wconf 83' lang='lat' dir='ltr'>fallaciam:</span> <span class='ocrx_word' id='word_1_211' title='bbox 610 2081 671 2145; x_wconf 91' lang='lat' dir='ltr'>quis</span> <span class='ocrx_word' id='word_1_212' title='bbox 680 2096 728 2144; x_wconf 94' lang='lat' dir='ltr'>pro</span> <span class='ocrx_word' id='word_1_213' title='bbox 746 2081 870 2130; x_wconf 88' lang='lat' dir='ltr'>Eunucho</span> <span class='ocrx_word' id='word_1_214' title='bbox 881 2080 939 2143; x_wconf 87' lang='lat' dir='ltr'>ipse</span> <span class='ocrx_word' id='word_1_215' title='bbox 948 2084 1108 2146; x_wconf 85' lang='lat' dir='ltr'>supponitur</span> <span class='ocrx_word' id='word_1_216' title='bbox 1117 2082 1200 2132; x_wconf 82' lang='lat' dir='ltr'>Thaidi.</span> 
     </span>
     <span class='ocr_line' id='line_1_23' title="bbox 148 2159 1202 2224; baseline -0.003 -11"><span class='ocrx_word' id='word_1_217' title='bbox 148 2164 251 2214; x_wconf 88' lang='lat' dir='ltr'>Tertius</span> <span class='ocrx_word' id='word_1_218' title='bbox 260 2170 334 2212; x_wconf 83' lang='lat' dir='ltr'>acttts</span> <span class='ocrx_word' id='word_1_219' title='bbox 345 2159 522 2212; x_wconf 78' lang='lat' dir='ltr'>characterem</span> <span class='ocrx_word' id='word_1_220' title='bbox 535 2160 656 2224; x_wconf 81' lang='lat' dir='ltr'>exprimit</span> <span class='ocrx_word' id='word_1_221' title='bbox 668 2160 756 2210; x_wconf 90' lang='lat' dir='ltr'>militis</span> <span class='ocrx_word' id='word_1_222' title='bbox 768 2168 796 2210; x_wconf 91' lang='lat' dir='ltr'>et</span> <span class='ocrx_word' id='word_1_223' title='bbox 807 2159 913 2224; x_wconf 86' lang='lat' dir='ltr'>parasiti</span> <span class='ocrx_word' id='word_1_224' title='bbox 926 2174 976 2224; x_wconf 89' lang='lat' dir='ltr'>per</span> <span class='ocrx_word' id='word_1_225' title='bbox 992 2162 1129 2212; x_wconf 89' lang='lat' dir='ltr'>ridiculum</span> <span class='ocrx_word' id='word_1_226' title='bbox 1140 2163 1202 2212; x_wconf 88' lang='lat' dir='ltr'>collo·</span> 
     </span>
    </p>

    <p class='ocr_par' dir='ltr' id='par_1_7' title="bbox 125 2241 1203 2384">
     <span class='ocr_line' id='line_1_24' title="bbox 125 2241 1203 2315; baseline -0.003 -22"><span class='ocrx_word' id='word_1_227' title='bbox 125 2307 128 2315; x_wconf 32' lang='grc'>1</span> <span class='ocrx_word' id='word_1_228' title='bbox 149 2243 251 2308; x_wconf 90' lang='lat' dir='ltr'>quium:</span> <span class='ocrx_word' id='word_1_229' title='bbox 270 2248 323 2291; x_wconf 89' lang='lat' dir='ltr'>tum</span> <span class='ocrx_word' id='word_1_230' title='bbox 341 2241 519 2291; x_wconf 82' lang='lat' dir='ltr'>invitationem</span> <span class='ocrx_word' id='word_1_231' title='bbox 535 2241 568 2288; x_wconf 85' lang='lat' dir='ltr'>ad</span> <span class='ocrx_word' id='word_1_232' title='bbox 581 2253 680 2290; x_wconf 74' lang='lat' dir='ltr'>caenam</span> <span class='ocrx_word' id='word_1_233' title='bbox 699 2241 817 2290; x_wconf 84' lang='lat' dir='ltr'>Thaidis:</span> <span class='ocrx_word' id='word_1_234' title='bbox 836 2245 889 2290; x_wconf 85' lang='lat' dir='ltr'>tum</span> <span class='ocrx_word' id='word_1_235' title='bbox 909 2242 1072 2293; x_wconf 88' lang='lat' dir='ltr'>oblationem</span> <span class='ocrx_word' id='word_1_236' title='bbox 1089 2243 1203 2293; x_wconf 83' lang='lat' dir='ltr'>velutEu·</span> 
     </span>
     <span class='ocr_line' id='line_1_25' title="bbox 148 2318 1201 2384; baseline -0.002 -11"><span class='ocrx_word' id='word_1_237' title='bbox 148 2323 227 2373; x_wconf 85' lang='lat' dir='ltr'>nuchi</span> <span class='ocrx_word' id='word_1_238' title='bbox 238 2321 352 2372; x_wconf 79' lang='lat' dir='ltr'>Chaereae</span> <span class='ocrx_word' id='word_1_239' title='bbox 364 2328 392 2370; x_wconf 91' lang='lat' dir='ltr'>et</span> <span class='ocrx_word' id='word_1_240' title='bbox 408 2321 500 2384; x_wconf 77' lang='lat' dir='ltr'>praellae</span> <span class='ocrx_word' id='word_1_241' title='bbox 512 2336 544 2368; x_wconf 84' lang='lat' dir='ltr'>ex</span> <span class='ocrx_word' id='word_1_242' title='bbox 554 2318 686 2384; x_wconf 81' lang='lat' dir='ltr'>AEthiopia</span> <span class='ocrx_word' id='word_1_243' title='bbox 697 2335 743 2384; x_wconf 89' lang='lat' dir='ltr'>per</span> <span class='ocrx_word' id='word_1_244' title='bbox 753 2321 943 2370; x_wconf 84' lang='lat' dir='ltr'>Parmenonem</span> <span class='ocrx_word' id='word_1_245' title='bbox 959 2321 1077 2373; x_wconf 83' lang='lat' dir='ltr'>factam:</span> <span class='ocrx_word' id='word_1_246' title='bbox 1095 2333 1145 2374; x_wconf 91' lang='lat' dir='ltr'>turn</span> <span class='ocrx_word' id='word_1_247' title='bbox 1160 2338 1201 2372; x_wconf 88' lang='lat' dir='ltr'>rer·</span> 
     </span>
    </p>

    <p class='ocr_par' dir='ltr' id='par_1_8' title="bbox 123 2401 1242 3264">
     <span class='ocr_line' id='line_1_26' title="bbox 123 2401 1201 2467; baseline -0.004 -13"><span class='ocrx_word' id='word_1_248' title='bbox 123 2437 129 2447; x_wconf 92' lang='lat'>-</span> <span class='ocrx_word' id='word_1_249' title='bbox 147 2405 183 2454; x_wconf 87' lang='lat' dir='ltr'>ba</span> <span class='ocrx_word' id='word_1_250' title='bbox 194 2403 338 2452; x_wconf 88' lang='lat' dir='ltr'>Chremetis</span> <span class='ocrx_word' id='word_1_251' title='bbox 350 2402 382 2450; x_wconf 89' lang='lat' dir='ltr'>ad</span> <span class='ocrx_word' id='word_1_252' title='bbox 399 2401 520 2450; x_wconf 86' lang='lat' dir='ltr'>Thaidem</span> <span class='ocrx_word' id='word_1_253' title='bbox 532 2403 669 2464; x_wconf 86' lang='lat' dir='ltr'>venientia,</span> <span class='ocrx_word' id='word_1_254' title='bbox 690 2402 861 2466; x_wconf 86' lang='lat' dir='ltr'>perductique</span> <span class='ocrx_word' id='word_1_255' title='bbox 873 2403 904 2453; x_wconf 90' lang='lat' dir='ltr'>ad</span> <span class='ocrx_word' id='word_1_256' title='bbox 917 2404 1048 2453; x_wconf 86' lang='lat' dir='ltr'>militem:</span> <span class='ocrx_word' id='word_1_257' title='bbox 1067 2403 1201 2467; x_wconf 81' lang='lat' dir='ltr'>Antiphonia</span> 
     </span>
     <span class='ocr_line' id='line_1_27' title="bbox 149 2481 1242 2548; baseline -0.001 -16"><span class='ocrx_word' id='word_1_258' title='bbox 149 2483 316 2546; x_wconf 75' lang='lat' dir='ltr'>Chaereaeque</span> <span class='ocrx_word' id='word_1_259' title='bbox 328 2482 481 2544; x_wconf 83' lang='lat' dir='ltr'>colloquium</span> <span class='ocrx_word' id='word_1_260' title='bbox 491 2482 524 2531; x_wconf 91' lang='lat' dir='ltr'>de</span> <span class='ocrx_word' id='word_1_261' title='bbox 536 2482 626 2530; x_wconf 85' lang='lat' dir='ltr'>vitiata</span> <span class='ocrx_word' id='word_1_262' title='bbox 636 2495 683 2544; x_wconf 89' lang='lat' dir='ltr'>per</span> <span class='ocrx_word' id='word_1_263' title='bbox 695 2482 781 2530; x_wconf 89' lang='lat' dir='ltr'>dolum</span> <span class='ocrx_word' id='word_1_264' title='bbox 794 2482 904 2544; x_wconf 82' lang='lat' dir='ltr'>virgine.</span> <span class='ocrx_word' id='word_1_265' title='bbox 939 2482 970 2530; x_wconf 90' lang='lat' dir='ltr'>lu</span> <span class='ocrx_word' id='word_1_266' title='bbox 982 2491 1078 2548; x_wconf 89' lang='lat' dir='ltr'>quarto</span> <span class='ocrx_word' id='word_1_267' title='bbox 1096 2491 1151 2534; x_wconf 86' lang='lat' dir='ltr'>actu</span> <span class='ocrx_word' id='word_1_268' title='bbox 1162 2484 1201 2531; x_wconf 90' lang='lat' dir='ltr'>Do·</span> <span class='ocrx_word' id='word_1_269' title='bbox 1240 2481 1242 2547; x_wconf 76' lang='grc' dir='ltr'>ξ</span> 
     </span>
     <span class='ocr_line' id='line_1_28' title="bbox 147 2550 1242 2624; baseline -0.003 -13"><span class='ocrx_word' id='word_1_270' title='bbox 147 2563 199 2611; x_wconf 87' lang='lat' dir='ltr'>rias</span> <span class='ocrx_word' id='word_1_271' title='bbox 209 2562 310 2610; x_wconf 89' lang='lat' dir='ltr'>nuntiat</span> <span class='ocrx_word' id='word_1_272' title='bbox 317 2561 431 2624; x_wconf 85' lang='lat' dir='ltr'>jurgium</span> <span class='ocrx_word' id='word_1_273' title='bbox 441 2561 508 2607; x_wconf 87' lang='lat' dir='ltr'>inter</span> <span class='ocrx_word' id='word_1_274' title='bbox 519 2560 626 2609; x_wconf 89' lang='lat' dir='ltr'>militem</span> <span class='ocrx_word' id='word_1_275' title='bbox 639 2569 667 2610; x_wconf 89' lang='lat' dir='ltr'>et</span> <span class='ocrx_word' id='word_1_276' title='bbox 675 2561 816 2610; x_wconf 84' lang='lat' dir='ltr'>Thaidem:</span> <span class='ocrx_word' id='word_1_277' title='bbox 834 2568 887 2609; x_wconf 91' lang='lat' dir='ltr'>tum</span> <span class='ocrx_word' id='word_1_278' title='bbox 899 2561 1015 2612; x_wconf 88' lang='lat' dir='ltr'>reditum</span> <span class='ocrx_word' id='word_1_279' title='bbox 1025 2562 1105 2613; x_wconf 89' lang='lat' dir='ltr'>habet</span> <span class='ocrx_word' id='word_1_280' title='bbox 1115 2579 1145 2613; x_wconf 80' lang='lat' dir='ltr'>ex</span> <span class='ocrx_word' id='word_1_281' title='bbox 1154 2563 1203 2612; x_wconf 83' lang='lat' dir='ltr'>villa</span> <span class='ocrx_word' id='word_1_282' title='bbox 1240 2550 1242 2603; x_wconf 76' lang='grc' dir='ltr'><strong>ἓ</strong></span> 
     </span>
     <span class='ocr_line' id='line_1_29' title="bbox 149 2636 1242 2703; baseline 0 -15"><span class='ocrx_word' id='word_1_283' title='bbox 149 2640 289 2699; x_wconf 69' lang='lat' dir='ltr'>Phaedriae,</span> <span class='ocrx_word' id='word_1_284' title='bbox 301 2639 466 2702; x_wconf 89' lang='lat' dir='ltr'>etquerelam</span> <span class='ocrx_word' id='word_1_285' title='bbox 479 2637 579 2700; x_wconf 84' lang='lat' dir='ltr'>Pythiae</span> <span class='ocrx_word' id='word_1_286' title='bbox 592 2639 623 2687; x_wconf 89' lang='lat' dir='ltr'>de</span> <span class='ocrx_word' id='word_1_287' title='bbox 635 2636 726 2690; x_wconf 85' lang='lat' dir='ltr'>vitiata</span> <span class='ocrx_word' id='word_1_288' title='bbox 738 2641 836 2703; x_wconf 83' lang='lat' dir='ltr'>virgine</span> <span class='ocrx_word' id='word_1_289' title='bbox 848 2640 918 2703; x_wconf 82' lang='lat' dir='ltr'>aprtd</span> <span class='ocrx_word' id='word_1_290' title='bbox 932 2641 1099 2694; x_wconf 78' lang='lat' dir='ltr'>Phaedriam:</span> <span class='ocrx_word' id='word_1_291' title='bbox 1118 2651 1143 2692; x_wconf 89' lang='lat' dir='ltr'>et</span> <span class='ocrx_word' id='word_1_292' title='bbox 1153 2656 1200 2692; x_wconf 88' lang='lat' dir='ltr'>eun·</span> <span class='ocrx_word' id='word_1_293' title='bbox 1240 2652 1242 2657; x_wconf 77' lang='grc'>’</span> 
     </span>
     <span class='ocr_line' id='line_1_30' title="bbox 149 2716 1202 2785; baseline 0.001 -17"><span class='ocrx_word' id='word_1_294' title='bbox 149 2719 207 2768; x_wconf 90' lang='lat' dir='ltr'>dem</span> <span class='ocrx_word' id='word_1_295' title='bbox 224 2725 372 2780; x_wconf 87' lang='lat' dir='ltr'>stupentem</span> <span class='ocrx_word' id='word_1_296' title='bbox 384 2716 452 2780; x_wconf 88' lang='lat' dir='ltr'>quod</span> <span class='ocrx_word' id='word_1_297' title='bbox 465 2716 604 2768; x_wconf 85' lang='lat' dir='ltr'>audiebat:</span> <span class='ocrx_word' id='word_1_298' title='bbox 621 2734 736 2768; x_wconf 87' lang='lat' dir='ltr'>errorem</span> <span class='ocrx_word' id='word_1_299' title='bbox 748 2721 812 2768; x_wconf 84' lang='lat' dir='ltr'>ebrii</span> <span class='ocrx_word' id='word_1_300' title='bbox 825 2722 984 2770; x_wconf 87' lang='lat' dir='ltr'>Chremetis:</span> <span class='ocrx_word' id='word_1_301' title='bbox 1000 2730 1030 2772; x_wconf 88' lang='lat' dir='ltr'>et</span> <span class='ocrx_word' id='word_1_302' title='bbox 1047 2723 1127 2773; x_wconf 84' lang='lat' dir='ltr'>verba</span> <span class='ocrx_word' id='word_1_303' title='bbox 1142 2729 1202 2785; x_wconf 88' lang='lat' dir='ltr'>petu-</span> 
     </span>
     <span class='ocr_line' id='line_1_31' title="bbox 148 2797 1201 2865; baseline -0.003 -16"><span class='ocrx_word' id='word_1_304' title='bbox 148 2799 231 2849; x_wconf 87' lang='lat' dir='ltr'>lantia</span> <span class='ocrx_word' id='word_1_305' title='bbox 246 2797 355 2846; x_wconf 86' lang='lat' dir='ltr'>Thaidis</span> <span class='ocrx_word' id='word_1_306' title='bbox 374 2797 510 2846; x_wconf 84' lang='lat' dir='ltr'>adversum</span> <span class='ocrx_word' id='word_1_307' title='bbox 528 2797 646 2859; x_wconf 87' lang='lat' dir='ltr'>militem,</span> <span class='ocrx_word' id='word_1_308' title='bbox 665 2806 693 2847; x_wconf 95' lang='lat' dir='ltr'>et</span> <span class='ocrx_word' id='word_1_309' title='bbox 712 2799 800 2847; x_wconf 90' lang='lat' dir='ltr'>militis</span> <span class='ocrx_word' id='word_1_310' title='bbox 817 2799 955 2848; x_wconf 84' lang='lat' dir='ltr'>adversum</span> <span class='ocrx_word' id='word_1_311' title='bbox 966 2800 1111 2852; x_wconf 87' lang='lat' dir='ltr'>Thaidem:</span> <span class='ocrx_word' id='word_1_312' title='bbox 1129 2808 1201 2865; x_wconf 88' lang='lat' dir='ltr'>parata</span> 
     </span>
     <span class='ocr_line' id='line_1_32' title="bbox 148 2877 1202 2945; baseline 0.002 -19"><span class='ocrx_word' id='word_1_313' title='bbox 148 2879 249 2943; x_wconf 75' lang='lat' dir='ltr'>pratia,</span> <span class='ocrx_word' id='word_1_314' title='bbox 261 2878 419 2940; x_wconf 86' lang='lat' dir='ltr'>ridiculeque</span> <span class='ocrx_word' id='word_1_315' title='bbox 431 2877 557 2941; x_wconf 83' lang='lat' dir='ltr'>deposita.</span> <span class='ocrx_word' id='word_1_316' title='bbox 581 2879 692 2930; x_wconf 85' lang='lat' dir='ltr'>Quintus</span> <span class='ocrx_word' id='word_1_317' title='bbox 705 2888 779 2929; x_wconf 86' lang='lat' dir='ltr'>actus</span> <span class='ocrx_word' id='word_1_318' title='bbox 789 2881 984 2930; x_wconf 80' lang='lat' dir='ltr'>haeccontiuet:</span> <span class='ocrx_word' id='word_1_319' title='bbox 1000 2885 1134 2945; x_wconf 91' lang='lat' dir='ltr'>querelam</span> <span class='ocrx_word' id='word_1_320' title='bbox 1143 2881 1202 2930; x_wconf 87' lang='lat' dir='ltr'>Thai·</span> 
     </span>
     <span class='ocr_line' id='line_1_33' title="bbox 148 2957 1200 3024; baseline 0 -16"><span class='ocrx_word' id='word_1_321' title='bbox 148 2958 232 3008; x_wconf 88' lang='lat' dir='ltr'>diade</span> <span class='ocrx_word' id='word_1_322' title='bbox 248 2958 339 3007; x_wconf 87' lang='lat' dir='ltr'>vitiata</span> <span class='ocrx_word' id='word_1_323' title='bbox 349 2957 457 3019; x_wconf 84' lang='lat' dir='ltr'>virgine,</span> <span class='ocrx_word' id='word_1_324' title='bbox 470 2959 553 3021; x_wconf 89' lang='lat' dir='ltr'>primo</span> <span class='ocrx_word' id='word_1_325' title='bbox 564 2975 621 3008; x_wconf 91' lang='lat' dir='ltr'>cum</span> <span class='ocrx_word' id='word_1_326' title='bbox 634 2960 740 3023; x_wconf 86' lang='lat' dir='ltr'>Pythia,</span> <span class='ocrx_word' id='word_1_327' title='bbox 759 2970 850 3024; x_wconf 83' lang='lat' dir='ltr'>postes</span> <span class='ocrx_word' id='word_1_328' title='bbox 868 2976 925 3009; x_wconf 91' lang='lat' dir='ltr'>cum</span> <span class='ocrx_word' id='word_1_329' title='bbox 944 2962 1004 3024; x_wconf 90' lang='lat' dir='ltr'>ipso</span> <span class='ocrx_word' id='word_1_330' title='bbox 1017 2963 1142 3012; x_wconf 82' lang='lat' dir='ltr'>Chaerea:</span> <span class='ocrx_word' id='word_1_331' title='bbox 1159 2971 1200 3010; x_wconf 89' lang='lat' dir='ltr'>tnu</span> 
     </span>
     <span class='ocr_line' id='line_1_34' title="bbox 146 3037 1201 3104; baseline -0.001 -16"><span class='ocrx_word' id='word_1_332' title='bbox 146 3041 323 3089; x_wconf 80' lang='lat' dir='ltr'>interventum</span> <span class='ocrx_word' id='word_1_333' title='bbox 338 3037 484 3085; x_wconf 84' lang='lat' dir='ltr'>Chremetis</span> <span class='ocrx_word' id='word_1_334' title='bbox 506 3046 584 3101; x_wconf 89' lang='lat' dir='ltr'>atque</span> <span class='ocrx_word' id='word_1_335' title='bbox 602 3041 725 3089; x_wconf 88' lang='lat' dir='ltr'>nutricia:</span> <span class='ocrx_word' id='word_1_336' title='bbox 744 3049 797 3090; x_wconf 91' lang='lat' dir='ltr'>tum</span> <span class='ocrx_word' id='word_1_337' title='bbox 811 3041 1035 3104; x_wconf 87' lang='lat' dir='ltr'>perturbationem</span> <span class='ocrx_word' id='word_1_338' title='bbox 1047 3042 1201 3093; x_wconf 84' lang='lat' dir='ltr'>Parmenonis</span> 
     </span>
     <span class='ocr_line' id='line_1_35' title="bbox 148 3118 1200 3185; baseline 0.002 -19"><span class='ocrx_word' id='word_1_339' title='bbox 148 3132 196 3180; x_wconf 90' lang='lat' dir='ltr'>per</span> <span class='ocrx_word' id='word_1_340' title='bbox 207 3118 294 3166; x_wconf 91' lang='lat' dir='ltr'>dolum</span> <span class='ocrx_word' id='word_1_341' title='bbox 311 3118 430 3181; x_wconf 54' lang='lat' dir='ltr'>Pythiam</span> <span class='ocrx_word' id='word_1_342' title='bbox 448 3127 527 3183; x_wconf 88' lang='lat' dir='ltr'>alque</span> <span class='ocrx_word' id='word_1_343' title='bbox 544 3119 599 3182; x_wconf 85' lang='lat' dir='ltr'>ejus</span> <span class='ocrx_word' id='word_1_344' title='bbox 615 3119 713 3168; x_wconf 91' lang='lat' dir='ltr'>indicio</span> <span class='ocrx_word' id='word_1_345' title='bbox 725 3136 772 3183; x_wconf 90' lang='lat' dir='ltr'>per</span> <span class='ocrx_word' id='word_1_346' title='bbox 782 3136 880 3182; x_wconf 88' lang='lat' dir='ltr'>senem,</span> <span class='ocrx_word' id='word_1_347' title='bbox 896 3122 939 3185; x_wconf 87' lang='lat' dir='ltr'>qui</span> <span class='ocrx_word' id='word_1_348' title='bbox 957 3136 1019 3170; x_wconf 90' lang='lat' dir='ltr'>rure</span> <span class='ocrx_word' id='word_1_349' title='bbox 1032 3131 1095 3172; x_wconf 92' lang='lat' dir='ltr'>tuuc</span> <span class='ocrx_word' id='word_1_350' title='bbox 1107 3124 1200 3171; x_wconf 86' lang='lat' dir='ltr'>advene·</span> 
     </span>
     <span class='ocr_line' id='line_1_36' title="bbox 149 3195 1201 3264; baseline 0.001 -18"><span class='ocrx_word' id='word_1_351' title='bbox 149 3205 199 3260; x_wconf 88' lang='lat' dir='ltr'>rat,</span> <span class='ocrx_word' id='word_1_352' title='bbox 212 3197 374 3247; x_wconf 86' lang='lat' dir='ltr'>confirmatas</span> <span class='ocrx_word' id='word_1_353' title='bbox 386 3200 505 3261; x_wconf 86' lang='lat' dir='ltr'>nuptias:</span> <span class='ocrx_word' id='word_1_354' title='bbox 524 3205 552 3250; x_wconf 90' lang='lat' dir='ltr'>et</span> <span class='ocrx_word' id='word_1_355' title='bbox 565 3200 598 3250; x_wconf 88' lang='lat' dir='ltr'>ad</span> <span class='ocrx_word' id='word_1_356' title='bbox 611 3195 728 3250; x_wconf 88' lang='lat' dir='ltr'>ultimum</span> <span class='ocrx_word' id='word_1_357' title='bbox 749 3202 860 3252; x_wconf 88' lang='lat' dir='ltr'>reditum</span> <span class='ocrx_word' id='word_1_358' title='bbox 878 3201 904 3249; x_wconf 96' lang='lat' dir='ltr'>in</span> <span class='ocrx_word' id='word_1_359' title='bbox 923 3202 1036 3264; x_wconf 79' lang='lat' dir='ltr'>gratiam</span> <span class='ocrx_word' id='word_1_360' title='bbox 1053 3204 1141 3252; x_wconf 89' lang='lat' dir='ltr'>militis</span> <span class='ocrx_word' id='word_1_361' title='bbox 1157 3215 1201 3251; x_wconf 84' lang='lat' dir='ltr'>auu</span> 
     </span>
    </p>
   </div>
   <div class='ocr_carea' id='block_1_3' title="bbox 149 3285 437 3338">
    <p class='ocr_par' dir='ltr' id='par_1_9' title="bbox 149 3285 437 3338">
     <span class='ocr_line' id='line_1_37' title="bbox 149 3285 437 3338; baseline 0.003 -3"><span class='ocrx_word' id='word_1_362' title='bbox 149 3285 270 3336; x_wconf 76' lang='lat' dir='ltr'>Phaedria</span> <span class='ocrx_word' id='word_1_363' title='bbox 281 3292 309 3338; x_wconf 88' lang='lat' dir='ltr'>et</span> <span class='ocrx_word' id='word_1_364' title='bbox 321 3286 437 3336; x_wconf 80' lang='lat' dir='ltr'>Choerea.</span> 
     </span>
    </p>
   </div>
   <div class='ocr_carea' id='block_1_4' title="bbox 511 3484 815 3526">
    <p class='ocr_par' dir='ltr' id='par_1_10' title="bbox 511 3484 815 3526">
     <span class='ocr_line' id='line_1_38' title="bbox 512 3484 814 3498; baseline 0.007 -2"><span class='ocrx_word' id='word_1_365' title='bbox 512 3484 814 3498; x_wconf 50' lang='grc' dir='ltr'>υ--ι--η-ῇ</span> 
     </span>
     <span class='ocr_line' id='line_1_39' title="bbox 511 3506 815 3526; baseline 0.007 -2"><span class='ocrx_word' id='word_1_366' title='bbox 511 3506 815 3526; x_wconf 51' lang='lat' dir='ltr'><em>m</em></span> 
     </span>
    </p>
   </div>
   <div class='ocr_carea' id='block_1_5' title="bbox 290 3652 1046 3717">
    <p class='ocr_par' dir='ltr' id='par_1_11' title="bbox 290 3652 1046 3717">
     <span class='ocr_line' id='line_1_40' title="bbox 290 3652 1046 3717; baseline 0.019 -15"><span class='ocrx_word' id='word_1_367' title='bbox 290 3652 490 3704; x_wconf 72' lang='lat' dir='ltr'>Expostulo</span> <span class='ocrx_word' id='word_1_368' title='bbox 514 3659 645 3706; x_wconf 80' lang='lat' dir='ltr'>TITULI</span> <span class='ocrx_word' id='word_1_369' title='bbox 670 3662 746 3708; x_wconf 82' lang='lat' dir='ltr'>CUM</span> <span class='ocrx_word' id='word_1_370' title='bbox 773 3663 1046 3717; x_wconf 53' lang='lat' dir='ltr'>ruodmanno!</span> 
     </span>
    </p>
   </div>
   <div class='ocr_carea' id='block_1_6' title="bbox 115 3805 1201 4040">
    <p class='ocr_par' dir='ltr' id='par_1_12' title="bbox 115 3805 1201 4040">
     <span class='ocr_line' id='line_1_41' title="bbox 115 3805 1200 3876; baseline 0.005 -20"><span class='ocrx_word' id='word_1_371' title='bbox 115 3805 194 3856; x_wconf 76' lang='lat' dir='ltr'>Aona</span> <span class='ocrx_word' id='word_1_372' title='bbox 204 3805 271 3855; x_wconf 92' lang='lat' dir='ltr'>ludis</span> <span class='ocrx_word' id='word_1_373' title='bbox 281 3806 484 3870; x_wconf 85' lang='lat' dir='ltr'>Megalensibus.</span> <span class='ocrx_word' id='word_1_374' title='bbox 509 3808 550 3856; x_wconf 92' lang='lat' dir='ltr'>Ita</span> <span class='ocrx_word' id='word_1_375' title='bbox 562 3820 602 3858; x_wconf 87' lang='lat' dir='ltr'>est</span> <span class='ocrx_word' id='word_1_376' title='bbox 608 3809 777 3872; x_wconf 81' lang='lat' dir='ltr'>jungendum.</span> <span class='ocrx_word' id='word_1_377' title='bbox 805 3809 874 3860; x_wconf 84' lang='lat' dir='ltr'>Acta</span> <span class='ocrx_word' id='word_1_378' title='bbox 885 3821 935 3876; x_wconf 87' lang='lat' dir='ltr'>est,</span> <span class='ocrx_word' id='word_1_379' title='bbox 947 3815 1061 3866; x_wconf 91' lang='lat' dir='ltr'>recitata</span> <span class='ocrx_word' id='word_1_380' title='bbox 1071 3825 1112 3866; x_wconf 86' lang='lat' dir='ltr'>est</span> <span class='ocrx_word' id='word_1_381' title='bbox 1122 3818 1200 3866; x_wconf 81' lang='lat' dir='ltr'>Grata</span> 
     </span>
     <span class='ocr_line' id='line_1_42' title="bbox 146 3888 1201 3956; baseline 0.006 -20"><span class='ocrx_word' id='word_1_382' title='bbox 146 3888 245 3939; x_wconf 86' lang='lat' dir='ltr'>Fabula</span> <span class='ocrx_word' id='word_1_383' title='bbox 261 3889 400 3938; x_wconf 88' lang='lat' dir='ltr'>Menandri</span> <span class='ocrx_word' id='word_1_384' title='bbox 421 3889 454 3937; x_wconf 93' lang='lat' dir='ltr'>de</span> <span class='ocrx_word' id='word_1_385' title='bbox 471 3890 598 3945; x_wconf 87' lang='lat' dir='ltr'>eunucho,</span> <span class='ocrx_word' id='word_1_386' title='bbox 614 3891 704 3953; x_wconf 86' lang='lat' dir='ltr'>Lucio,</span> <span class='ocrx_word' id='word_1_387' title='bbox 723 3892 867 3952; x_wconf 83' lang='lat' dir='ltr'>Postumio,</span> <span class='ocrx_word' id='word_1_388' title='bbox 886 3891 993 3954; x_wconf 82' lang='lat' dir='ltr'>Albino,</span> <span class='ocrx_word' id='word_1_389' title='bbox 1011 3898 1141 3956; x_wconf 89' lang='lat' dir='ltr'>Cornelio,</span> <span class='ocrx_word' id='word_1_390' title='bbox 1156 3895 1201 3942; x_wconf 80' lang='lat' dir='ltr'>ble-</span> 
     </span>
     <span class='ocr_line' id='line_1_43' title="bbox 146 3968 1200 4040; baseline 0.007 -24"><span class='ocrx_word' id='word_1_391' title='bbox 146 3969 203 4020; x_wconf 80' lang='lat' dir='ltr'>suls</span> <span class='ocrx_word' id='word_1_392' title='bbox 214 3968 330 4020; x_wconf 78' lang='lat' dir='ltr'>aedilibus</span> <span class='ocrx_word' id='word_1_393' title='bbox 342 3969 481 4019; x_wconf 88' lang='lat' dir='ltr'>curulibus.</span> <span class='ocrx_word' id='word_1_394' title='bbox 510 3969 610 4018; x_wconf 39' lang='lat' dir='ltr'>⁴AEdiles</span> <span class='ocrx_word' id='word_1_395' title='bbox 621 3973 733 4035; x_wconf 87' lang='lat' dir='ltr'>curules,</span> <span class='ocrx_word' id='word_1_396' title='bbox 747 3975 790 4037; x_wconf 91' lang='lat' dir='ltr'>qui</span> <span class='ocrx_word' id='word_1_397' title='bbox 802 3978 877 4023; x_wconf 85' lang='lat' dir='ltr'>eraut</span> <span class='ocrx_word' id='word_1_398' title='bbox 887 3975 957 4038; x_wconf 87' lang='lat' dir='ltr'>apud</span> <span class='ocrx_word' id='word_1_399' title='bbox 971 3977 1111 4040; x_wconf 79' lang='lat' dir='ltr'>Romanos,</span> <span class='ocrx_word' id='word_1_400' title='bbox 1128 3971 1200 4036; x_wconf 77' lang='lat' dir='ltr'>magui</span> 
     </span>
    </p>
   </div>
   <div class='ocr_carea' id='block_1_7' title="bbox 305 4137 1027 4207">
    <p class='ocr_par' dir='ltr' id='par_1_13' title="bbox 305 4137 1027 4207">
     <span class='ocr_line' id='line_1_44' title="bbox 305 4137 1027 4207; baseline 0.018 -25"><span class='ocrx_word' id='word_1_401' title='bbox 305 4140 318 4182; x_wconf 87' lang='lat' dir='ltr'>t</span> <span class='ocrx_word' id='word_1_402' title='bbox 337 4137 404 4188; x_wconf 79' lang='lat' dir='ltr'>Haec</span> <span class='ocrx_word' id='word_1_403' title='bbox 419 4137 576 4188; x_wconf 78' lang='lat' dir='ltr'>extraximus</span> <span class='ocrx_word' id='word_1_404' title='bbox 588 4137 621 4188; x_wconf 91' lang='lat' dir='ltr'>ab</span> <span class='ocrx_word' id='word_1_405' title='bbox 632 4139 754 4190; x_wconf 87' lang='lat' dir='ltr'>Editioue</span> <span class='ocrx_word' id='word_1_406' title='bbox 765 4142 919 4205; x_wconf 85' lang='lat' dir='ltr'>Brunsiann,</span> <span class='ocrx_word' id='word_1_407' title='bbox 931 4158 955 4207; x_wconf 89' lang='grc' dir='ltr'>ρ.</span> <span class='ocrx_word' id='word_1_408' title='bbox 970 4149 1027 4196; x_wconf 79' lang='lat' dir='ltr'>tta.</span> 
     </span>
    </p>
   </div>
   <div class='ocr_carea' id='block_1_8' title="bbox 0 0 1344 4702">
    <p class='ocr_par' dir='ltr' id='par_1_14' title="bbox 0 0 1344 4702">
     <span class='ocr_line' id='line_1_45' title="bbox 0 0 1344 4702; baseline 0 0"><span class='ocrx_word' id='word_1_409' title='bbox 0 0 1344 4702; x_wconf 95' lang='lat' dir='ltr'> </span> 
     </span>
    </p>
   </div>
  </div>
 </body>
</html>
