2678 4702
467 310 516 357 ns
541 311 677 358 nunnus
701 310 864 359 consors.
1152 296 1219 362 tls

117 470 178 511 mm
195 461 344 512 tractatus
358 448 415 511 hac
429 451 459 510 in
474 462 557 528 parte
582 460 652 510 sunt
666 470 754 530 supra
767 471 856 530 quam
870 451 928 511 dici
946 461 1045 532 potest
1059 453 1172 513 steriles
1187 470 1218 521 et

108 545 295 629 jejusimum
305 565 404 605 corum
416 565 503 605 nemo
514 546 543 604 in
555 566 614 605 rem
626 545 714 605 altius
722 547 891 624 penetrarit,
901 559 952 608 aut
961 549 1118 627 quicquam
1130 547 1217 608 solidi

109 643 285 712 tradiderit,
301 653 406 720 praeter
419 641 552 721 vulgaria
570 642 621 701 illa
635 662 702 721 quoe
724 643 754 701 in
776 640 865 703 triviis
887 657 960 706 nota
982 655 1069 712 suut:
1100 645 1218 704 decrevi

106 749 185 799 ante
202 738 305 799 omnia
318 738 501 798 licentiarum
525 757 632 798 causas
654 750 685 798 et
708 741 835 819 origines
850 752 993 820 quantum
1014 743 1097 822 potui
1119 743 1217 802 inves-

103 834 223 914 tigare,
246 844 276 894 et
290 833 347 893 uisi
368 834 526 914 plurimum
546 836 642 908 fallor,
657 856 794 917 quoenam
817 838 935 913 fuerint,
953 859 1013 898 non
1027 841 1150 899 obscure
1164 837 1217 896 de-

100 931 274 1009 prehendi.

148 1029 192 1086 In
221 1028 324 1107 primis
348 1028 438 1106 igitur
461 1029 612 1090 sciendum
638 1040 685 1090 est
708 1032 843 1091 licentias
869 1032 1067 1104 Comicomm,
1081 1031 1162 1110 quod
1176 1030 1216 1092 ad

99 1133 232 1202 partem
249 1142 349 1183 earum
361 1124 450 1202 longe
474 1126 643 1198 maximam,
657 1127 744 1185 unius
767 1146 833 1188 esse
848 1128 973 1205 generis,
998 1137 1028 1186 et
1042 1127 1071 1184 in
1086 1126 1117 1186 id
1138 1127 1217 1189 ferris

97 1231 141 1278 ut
169 1219 349 1299 popularem
373 1222 582 1299 pronuntiandi
608 1222 853 1282 consuetudinem
877 1218 1098 1303 repraesentent.
1140 1223 1216 1282 Cum

99 1314 195 1373 enim
211 1315 370 1375 Comoedia
382 1317 413 1374 in
428 1336 463 1375 eo
478 1328 540 1377 tota
556 1317 594 1376 sit
606 1326 640 1376 ut
657 1336 726 1376 vera
739 1318 809 1376 vitae
822 1317 959 1377 humanm
982 1319 1020 1377 sit
1033 1318 1141 1396 imago,
1155 1337 1215 1376 non

101 1411 188 1472 satis
202 1420 270 1470 erat
283 1430 334 1471 eas
350 1411 404 1470 sibi
426 1413 562 1472 materias
588 1433 712 1485 sumere,
737 1433 804 1492 quae
818 1434 835 1473 e
850 1413 1021 1492 quotidiana
1034 1413 1096 1472 vita
1116 1421 1217 1472 essent

102 1508 284 1588 depromta,
297 1507 495 1586 humilemque
509 1508 591 1568 illurn
606 1521 636 1569 et
657 1510 829 1588 depressum
851 1510 951 1590 populi
974 1501 1137 1568 sermonem
1150 1507 1215 1566 imi·

101 1605 190 1671 tari3
221 1603 359 1681 oportuit
381 1604 502 1682 insuper
528 1607 660 1665 eandem
679 1625 797 1685 quoque
822 1605 1032 1684 pronuntiandi
1060 1593 1221 1676 rationem,

103 1710 262 1779 quantum
275 1710 402 1779 poterat,
417 1702 546 1779 assequi,
561 1722 620 1781 qua
634 1703 763 1782 populus
787 1703 816 1761 in
840 1703 1046 1782 congressibus
1070 1711 1101 1761 et
1122 1702 1214 1761 collo·

105 1796 193 1876 quiis
216 1795 408 1856 familiaribus
428 1807 571 1856 uteretur.
612 1798 669 1857 Hic
688 1793 776 1858 verus
796 1798 978 1857 licentiarum
1001 1798 1061 1857 iere
1084 1797 1215 1857 omnium

106 1893 192 1963 fons,
208 1912 278 1970 quos
292 1901 407 1951 tautum
421 1892 544 1952 eruditis
559 1895 710 1972 negotium
734 1895 885 1961 secemnt;
917 1894 986 1952 hinc
1004 1905 1051 1952 est
1069 1892 1148 1971 quod
1163 1912 1214 1952 co·

106 1989 199 2065 micis
213 1987 311 2065 po'e'tis
326 1987 417 2058 licuit,
432 1989 512 2065 quod
527 1988 577 2046 alii
591 1989 669 2061 nulli,
682 1991 833 2065 poetarum
849 1989 948 2065 generi
971 2006 1143 2046 concessum
1158 1996 1214 2046 est.

111 2084 226 2145 Cetera
239 2084 377 2161 po'e'mata
392 2074 500 2161 scripta
512 2093 582 2141 sunt
600 2092 633 2140 ut
654 2083 806 2160 legentum
829 2080 989 2139 Comoediee
1004 2099 1071 2138 vero
1084 2085 1130 2157 (ut
1142 2083 1216 2140 Tra·

111 2179 238 2258 goedioe)
251 2188 285 2238 ut
297 2178 466 2239 audiantur.
509 2179 550 2237 Ut
564 2179 661 2256 ⁴igitur
675 2197 775 2238 eorum
800 2195 938 2236 numeros
958 2175 1170 2253 intelligamus,
1184 2187 1214 2238 et

111 2275 275 2349 verborum¹
287 2271 391 2332 modos
405 2272 458 2332 rite
469 2273 658 2344 aestimemus,
673 2292 732 2331 non
747 2283 806 2331 tam
822 2272 860 2332 ad
873 2272 972 2331 literas
991 2290 1059 2349 quse
1074 2291 1105 2331 se
1119 2271 1213 2332 oculis

113 2371 269 2447 ingerunt,
279 2367 460 2446 'insitamque
475 2388 574 2428 earum
590 2371 784 2447 quantitatem
803 2367 1015 2428 attendendum
1030 2360 1085 2438 est,
1106 2367 1157 2427 sed
1174 2368 1213 2428 ad

113 2483 208 2525 sonos
224 2483 301 2543 quos
316 2465 467 2540 efficerent
484 2483 552 2523 cum
569 2464 598 2522 in
625 2484 674 2523 ore
688 2465 790 2544 populi
814 2465 966 2536 ferrentur,
990 2462 1152 2544 qualesque
1174 2464 1213 2523 ad

115 2580 204 2620 aures
220 2560 407 2621 accederent.

155 2656 317 2725 Quomodo
340 2659 429 2716 verba
449 2658 672 2736 pronuntiarent
686 2657 808 2716 Veteres
832 2656 970 2728 Romani,
993 2675 1028 2715 ea
1050 2657 1212 2734 praesertim

114 2775 182 2833 quae
195 2755 238 2814 in
251 2752 407 2832 colloquiis
431 2764 501 2812 sunt
525 2754 730 2832 frequentioris
752 2772 835 2824 usus,
856 2752 945 2830 idque
967 2752 1002 2810 iis
1023 2753 1212 2830 temporibus,

115 2870 182 2910 cum
196 2849 317 2909 floreret
329 2848 427 2908 adhuc
446 2849 620 2927 respublica,
643 2868 700 2907 nec
714 2849 784 2907 dum
806 2847 940 2906 civilibus
955 2848 1043 2905 armis
1056 2847 1150 2906 fracta
1163 2850 1212 2907 uui

114 2946 144 3005 in
157 2943 319 3025 imperium,
335 2944 485 3015 cessisset,
509 2963 595 3003 nemo
616 2944 738 3010 dixerim
769 2963 825 3002 nec
839 2944 971 3021 profecto
985 2943 1015 3000 in
1036 2942 1097 3001 ulla
1110 2942 1213 3020 lingua

115 3061 183 3103 vera
196 3041 409 3120 pronuntiandi
425 3040 499 3099 ratio
514 3051 593 3101 certo
610 3040 677 3100 sciri
692 3049 802 3118 potest,
816 3038 874 3097 nisi
895 3038 932 3096 ab
947 3037 982 3095 iis
997 3037 1047 3114 qui
1062 3037 1126 3095 viva
1139 3056 1212 3096 voce

114 3136 435 3218 loquentesaudierint
447 3156 509 3208 eos,
520 3136 630 3213 ¹quibus
656 3134 767 3212 lingua,
783 3133 821 3190 de
835 3152 895 3210 qua
908 3132 1015 3208 agitur,
1040 3131 1126 3189 suerit
1148 3150 1211 3190 ver·

113 3233 232 3293 nacula.
276 3231 370 3303 Nobis
384 3232 482 3310 igitur,
497 3251 564 3290 cum
580 3231 715 3288 Romana
729 3228 831 3306 lingua
852 3248 904 3307 per
918 3236 963 3286 tot
979 3226 1042 3305 jam
1057 3225 1167 3286 seacula
1179 3225 1211 3284 in

114 3347 169 3388 usu
184 3327 335 3389 communi
357 3347 423 3391 esse
438 3326 568 3397 desierit,
583 3326 672 3404 longe
691 3324 807 3383 facilius
826 3339 872 3383 est
886 3344 921 3383 ex
935 3341 1072 3382 versuum
1085 3323 1210 3382 comico·
1226 3329 1229 3341 ¹

112 3445 177 3483 rum
192 3423 405 3499 constitutione
421 3433 450 3481 et
464 3422 646 3493 licentiarum
660 3440 717 3478 usu
732 3419 943 3498 pronuntiandi
957 3419 1212 3490 consuetudinem,

113 3538 204 3597 quam
233 3539 270 3579 ex
296 3516 507 3597 pronuntiandi
534 3517 624 3577 modo
638 3536 775 3576 versuum
808 3525 838 3575 et
864 3516 1047 3575 licentiarum
1082 3516 1211 3575 rationes

112 3613 302 3694 investigare.
314 3638 319 3667 ;
345 3614 412 3674 Hoc
426 3616 528 3673 tameu'
539 3614 630 3673 nemo¹
640 3633 699 3672 non
721 3612 822 3683 sentit,
837 3611 888 3690 qui
905 3610 951 3671 vel
965 3611 1069 3671 leviter
1082 3612 1210 3669 animum

114 3711 234 3781 adbaec
249 3709 394 3782 advertat,
417 3711 447 3768 in
463 3729 597 3769 sermone
620 3719 651 3770 et
674 3708 824 3785 colloquio
846 3702 1094 3766 familiari'verba
1108 3705 1210 3774 multa,

115 3827 149 3867 ea
165 3808 339 3887 ‚praesertim
353 3826 421 3883 quoe
434 3805 465 3864 in
479 3805 718 3884 frequentissimo
732 3814 802 3864 sunt
815 3824 882 3876 usu,
897 3822 1022 3883 quaeque
1044 3800 1154 3858 nullam
1178 3799 1209 3856 in

115 3922 146 3962 se
160 3902 317 3982 emphasin
331 3902 452 3973 habent,
467 3921 522 3960 uec
537 3902 712 3961 sententiam
736 3901 860 3959 multum
883 3899 1033 3977 adjuvant,
1056 3893 1108 3952 sed
1124 3895 1209 3971 quasi

114 3998 233 4058 'vincula
247 3997 385 4077 quaedam
405 3997 543 4056 orationis
567 3998 698 4076 partibus
719 3997 843 4055 invicem
860 3982 1015 4054 nectendis
1037 3989 1208 4063 inserviunt,

113 4095 218 4173 quales
229 4104 303 4155 suut
316 4093 441 4166 articuli,
466 4093 699 4174 prepositiones,
723 4090 951 4170 interjectiones,
973 4083 1215 4164 conjunctiones,
