2678 4702
423 311 595 363 nurtuutrt
622 313 704 361 nur.
728 311 777 359 tv.
801 311 855 360 sn.
879 311 921 359 rr.
1135 294 1206 365 478

106 458 242 524 Interea
262 473 379 525 eurum
400 457 467 522 sibi
488 459 576 524 cluui
597 453 713 521 mulier
736 455 857 538 demit3
880 454 941 521 det
961 453 1042 520 milri
1061 459 1098 520 ui
1113 457 1206 521 aufe

238 579 319 625 rum.

107 663 191 732 Huc
205 669 259 727 est
273 661 359 744 signi
371 682 380 742 3
394 661 453 726 ubi
469 662 610 746 primurn
627 661 760 743 poterit,
774 679 810 725 se
824 660 915 724 illinc
931 659 1106 737 subducet,
1122 659 1205 724 scio.

103 845 225 906 urmillns,
244 848 366 908 camoque
387 850 524 894 ornamento
539 859 611 894 aureo
631 843 678 893 ribi
689 843 763 895 iltuit
780 844 867 893 occulte
882 843 975 901 demin
992 845 1035 891 dat
1052 842 1110 892 inibi
1127 847 1206 891 tries·
1273 878 1276 889 .

103 909 275 1027 maht:
287 914 322 958 est
337 907 452 958 indicium
473 911 533 959 unde
553 909 610 969 reio,
625 909 702 972 illurn,
718 907 759 958 uti
773 910 876 972 primurn
895 908 991 971 poterit,
1006 908 1136 956 clnnoulurn
1152 907 1207 995 inde

569 1083 748 1105 Ummmu

106 1151 174 1202 GM.
186 1150 343 1214 supseript.
360 1148 513 1199 ‘contendit
533 1156 563 1200 ut
582 1148 775 1201 adduceretur!
805 1148 833 1199 Si
854 1149 911 1214 quis
924 1156 974 1213 est,
988 1148 1031 1213 qni
1049 1149 1095 1198 bec
1106 1148 1207 1199 uitetur

105 1215 290 1278 explicatione,
300 1215 345 1265 ille
357 1221 417 1276 post
438 1213 579 1264 ‘tendere'
597 1214 756 1278 distinguere
768 1213 893 1275 debebit3
910 1215 936 1263 id
949 1212 1019 1280 quod
1040 1211 1139 1262 iaciunt
1155 1227 1207 1262 non

104 1279 195 1342 penei.
227 1279 277 1327 Sed
302 1286 410 1342 praestet
428 1279 597 1343 conjungere.
619 1281 685 1329 Porl.
718 1280 887 1342 conjungunt
908 1280 984 1328 Bent-
1006 1276 1036 1325 Ζ.
1050 1278 1110 1341 Bip.
1128 1277 1207 1328 Both.

106 1345 170 1392 Inde
186 1343 322 1404 odjurgium
339 1344 449 1392 Br.—l'ri
468 1343 537 1392 Cium
552 1344 599 1393 sibi
610 1344 754 1393 Boin—tt
772 1343 845 1392 Unus
857 1343 931 1392 Leid.
947 1343 1051 1403 signum
1062 1342 1129 1404 quod
1146 1348 1207 1404 post

103 1413 235 1458 mutatum
247 1408 273 1455 in
283 1407 356 1468 signi.
390 1408 494 1470 Gnyeto
505 1407 531 1456 in
547 1407 659 1458 scholiis
675 1408 741 1457 Mes.
757 1407 786 1455 ri
802 1407 868 1469 signi
884 1408 940 1456 ‘bic
952 1406 1043 1454 nullius
1055 1406 1134 1468 pretii
1148 1404 1207 1454 est)

102 1471 250 1520 Substituit
261 1471 340 1534 igitur
350 1471 418 1520 sein’.
452 1471 513 1532 Sed,
522 1479 696 1537 prseterqnnrn
710 1471 777 1536 quod
790 1472 945 1521 auctoritate
958 1469 1082 1520 Codicum
1094 1469 1206 1519 destittr·

103 1535 170 1593 itur,
188 1549 325 1598 perperam
342 1534 425 1585 eidem
446 1549 563 1598 persouae
585 1536 709 1586 tribuitur
726 1533 786 1586 srin'
806 1542 834 1584 et
850 1537 908 1585 seio.
931 1535 986 1584 ΕΡ.
1006 1535 1119 1596 potumit.
1152 1534 1208 1595 No·¹

104 1599 167 1649 nius
183 1613 209 1649 v.
231 1599 392 1659 subducere,
410 1600 476 1662 legit
486 1599 533 1648 illi.
567 1600 603 1648 Et
615 1600 683 1649 forte
703 1615 734 1650 eo
752 1600 867 1662 respexit
878 1601 987 1661 Thraso,
1000 1597 1067 1647 infre
1079 1612 1116 1646 tv.
1128 1601 1153 1647 l.
1165 1602 1207 1647 2⁵.

104 1665 164 1712 ‘Et
176 1677 234 1712 cnm
244 1677 276 1712 eo
288 1663 353 1711 clem
367 1669 392 1712 te
408 1663 532 1712 subduxti
544 1663 623 1713 mibi)
657 1665 691 1714 lu
709 1666 764 1714 sliis
783 1663 906 1714 estillieo.
925 1665 1006 1713 West.
1041 1663 1142 1724 St'gnrrnt
1153 1661 1207 1712 ΕΤ.

109 1727 178 1778 EM.
210 1726 362 1777 lditrddd.
394 1726 451 1776 Sese
462 1727 504 1777 ed.
516 1728 611 1791 Delpb.
1201 1732 1203 1737 '

606 1840 713 1892 NOTAE

142 1955 174 2002 12
192 1952 222 2000 ln
239 1951 369 2001 conuiuium
389 1951 468 2015 illurn]
486 1950 519 2001 In
534 1951 639 2002 Graecln
680 1967 753 2004 eures
765 1955 874 2004 Veneris
885 1952 1015 2003 vocabulis
1030 1951 1109 2001 imbui
1121 1951 1209 2001 nolue-

101 2041 159 2077 nou
171 2025 375 2076 admittebantur
388 2026 507 2090 ingenue
518 2028 639 2077 mulieres
680 2030 759 2079 runt.’

103 2104 140 2153 ed
163 2102 291 2162 convivia,
312 2101 361 2150 nisi
388 2101 589 2166 propinquorum
612 2109 639 2151 et
714 2111 745 2156 13
762 2103 1209 2156 Intereouurumribicinrnrnelierde.

104 2183 288 2242 cognatorum,
302 2183 330 2224 ut
347 2177 481 2226 Cornelius
498 2177 587 2241 Nepos
600 2192 639 2227 re·
679 2182 735 2244 orit]
752 2183 785 2232 Id
804 2182 898 2244 agebat
914 2181 1000 2240 Thais,
1014 2194 1047 2228 ne
1065 2194 1112 2244 pro
1124 2179 1211 2241 puelle

105 2254 169 2305 fert.
194 2253 277 2301 Varro
288 2251 356 2314 apud
369 2251 482 2302 Nonium
494 2253 531 2303 sic
542 2251 638 2302 refert:
680 2256 742 2307 deta
753 2256 1061 2320 ipsnmrpolieretlliiles,
1069 2254 1090 2304 si
1099 2254 1123 2306 ei
1134 2267 1209 2322 repe·

103 2330 207 2394 ‘Virgo
228 2329 259 2377 de
282 2329 399 2378 convivio
417 2328 562 2391 abdicetur,
579 2329 639 2379 ideo
680 2334 747 2385 tenti
759 2332 884 2397 virginem
896 2339 1025 2396 negasset·

105 2405 178 2475 qnod
193 2406 302 2469 majores
317 2405 401 2456 nostri
417 2405 521 2470 virginis
532 2406 639 2458 acerbas

413 2779 568 2847 ACTUS
590 2781 660 2847 IV.
681 2780 839 2849 SCENA
861 2782 912 2847 11.

563 2954 754 3004 tumulltu.

109 3063 205 3127 Dunt
221 3077 279 3123 rus
293 3077 346 3136 eo,
362 3059 453 3141 coepi
467 3066 597 3141 egomet
610 3079 741 3124 mecum
756 3057 943 3136 intervias,

109 3163 168 3226 Itu
183 3167 221 3225 ut
233 3161 283 3238 fit,
297 3160 356 3224 ubi
371 3158 452 3243 quid
464 3162 499 3223 in
515 3162 624 3226 animo
639 3167 691 3225 est
705 3159 882 3236 molestiae,

107 3261 227 3328 Aliam
241 3281 308 3325 rem
323 3279 369 3325 ex
384 3261 452 3325 ulie
465 3263 624 3342 cogitare,
640 3269 675 3325 et
692 3280 732 3325 eu
748 3261 859 3325 omniu
874 3262 907 3324 in

108 3363 270 3449 Pejorcm
284 3369 422 3446 purtem.
467 3361 559 3439 Quid
574 3382 659 3448 opus
675 3370 728 3427 cst
741 3362 877 3428 verbisl
895 3362 975 3427 dum
990 3363 1064 3428 been
1078 3370 1175 3446 puto,

142 3544 199 3594 ΡΗ.
217 3544 284 3593 Dum
299 3543 325 3593 in
335 3543 416 3592 villum
425 3556 461 3605 eo,
471 3542 530 3607 ooepi
543 3549 634 3606 egomet
645 3542 686 3609 (ut
697 3546 771 3594 solent
782 3545 822 3608 piri
832 3545 913 3610 obque
921 3545 1066 3608 egritudine
1075 3545 1149 3594 enimi
1159 3546 1213 3608 ugi-

109 3606 208 3672 rantur)
218 3609 282 3657 inter
298 3610 398 3659 eundum
414 3610 444 3656 de
461 3608 510 3656 olio
520 3623 546 3657 re
559 3623 629 3671 super
642 3610 693 3659 ulio
711 3610 826 3672 cogitare,
845 3616 870 3659 et
887 3625 915 3659 en
932 3610 1011 3660 omnio
1028 3610 1055 3658 is
1073 3611 1213 3658 deteriores
1248 3613 1250 3615 ’

108 3677 204 3738 μηνίσω
221 3671 383 3747 interpretari.
417 3671 482 3728 Quid
495 3675 567 3736 plura
586 3672 684 3724 dirum?
704 3676 760 3722 dum
771 3674 826 3729 ,loec
845 3675 933 3738 cogito,
951 3675 1020 3724 uliud
1036 3687 1118 3735 agens,
1137 3674 1212 3724 mun

570 3799 752 3821 m

141 3883 158 3930 2
178 3879 226 3940 Uiri
244 3879 301 3942 quid
318 3878 345 3927 in
364 3878 442 3928 animo
454 3885 491 3929 ert
508 3880 621 3930 molestie
639 3881 721 3945 tnagis
736 3881 894 3933 Terentiam
909 3879 1020 3944 phrasis,
1036 3894 1113 3943 quum
1129 3880 1213 3932 altere

113 3943 157 3993 ille
167 3945 256 3994 Pereo
267 3943 382 4004 laudata,
400 3945 441 3992 ubi
460 3944 518 4006 quid
536 3946 640 3994 animuin
651 3951 687 3995 ert
698 3948 821 3996 molestior
836 3947 853 3996 i.
864 3959 888 3994 e.
899 3945 960 3994 edit.
982 3945 1058 3993 Weet.
1092 3944 1154 3995 Per.
1167 3944 1211 3996 ed.

113 4023 144 4058 ex
155 4008 202 4058 lib.
212 4008 310 4060 Stnuaei
322 4008 429 4071 ubiquid
439 4010 543 4060 animum
553 4016 588 4057 ert
599 4010 719 4061 molestie.
738 4011 859 4061 Peri—8
878 4009 920 4058 Ex
936 4009 986 4061 otio
1003 4023 1030 4058 re
1048 4010 1073 4056 in
1091 4008 1211 4084 quibusd.

114 4071 188 4122 codd.
201 4077 250 4120 est.
272 4071 351 4122 Wert.
384 4072 470 4134 Magis
482 4087 514 4121 ex
527 4074 716 4125 cousuetudine
726 4075 842 4124 Terentii
854 4078 904 4136 est,
916 4074 938 4122 si
957 4074 994 4123 sic
1012 4070 1133 4135 retingrsr
1150 4079 1174 4124 et
1184 4089 1212 4124 ru

114 4137 191 4191 onnia
199 4135 310 4197 Peiorem
319 4137 345 4186 in
353 4142 454 4202 portem
470 4137 551 4191 Beni.
584 4136 746 4204 Obsequitnr
757 4140 885 4192 Bam-t
896 4139 949 4188 ills.
961 4137 1035 4204 Llps.
1045 4144 1136 4202 reputo.
1168 4138 1213 4190 Ite
1291 4150 1294 4155 ’
1335 4176 1338 4183 ·
