2678 4702
117 294 184 379 ¹⁴08
492 305 522 348 r.
546 301 730 349 rennuuu
755 300 843 348 sens

118 454 250 528 Tremo,
266 452 457 530 horreoque,
470 454 651 529 postquam
667 443 788 525 aspexi
803 443 897 505 hane.
946 439 1017 503 ΡΑ.
1032 439 1126 546 Bono
1137 439 1189 548 ani·
1242 453 1244 465 ·

248 569 376 616 moes:

119 653 255 720 Accede
269 651 313 716 ad
328 653 437 731 ignem
453 649 550 723 huuc,
561 647 633 730 jam
650 645 800 708 calesces
816 643 890 725 plus
905 643 1002 706 satis.
1178 642 1194 704 5

119 758 188 820 Tu.
212 752 299 831 Quis
312 752 366 816 hic
380 750 549 833 loquiturl
564 748 668 824 ehem,
683 743 750 809 tun'
764 745 818 808 uie
834 764 921 822 eras,
934 745 982 809 mi
995 732 1181 808 Phaedrial‘

120 855 212 934 Quid
226 854 281 918 hie
297 854 438 918 stubast
456 871 513 916 cur
527 868 592 913 nou
606 854 698 912 reeta
712 847 899 911 introibas't
926 865 930 872 ·
946 846 1019 911 Pe.
1042 844 1182 910 Getemm

121 959 175 1022 De
192 953 385 1019 exclusione
400 951 537 1015 verbum
551 949 688 1013 nullum.
732 947 803 1012 ΤΗ.
826 946 920 1025 Quid
937 948 1060 1012 tacesl
1167 953 1170 961 ’

120 1056 189 1121 ΡΗ.
213 1054 313 1130 Sane,
328 1053 407 1136 quia
422 1070 500 1140 vero
515 1050 568 1114 hee
581 1049 663 1113 mihi
678 1043 797 1134 palent
811 1068 944 1131 semper
956 1049 1067 1113 fores:

120 1158 193 1221 Aut
208 1158 289 1239 quia
304 1176 378 1220 sum
394 1152 486 1238 apud
500 1153 686 1235 te'primus.
728 1152 799 1216 Tu.
824 1150 936 1214 Missa
950 1142 1057 1241 ise&
1065 1147 1145 1212 face.
1168 1143 1198 1207 lb

120 1259 191 1323 ΡΗ.
213 1256 307 1335 Quid
321 1256 449 1320 missal
471 1275 493 1318 o
514 1254 631 1329 Thais,
646 1253 764 1331 Thais,
778 1253 905 1318 retinam
921 1258 1017 1317 esset
1029 1250 1109 1314 mihi

119 1359 208 1423 Pars
223 1378 324 1441 aequa
338 1359 460 1422 amoris
474 1362 595 1432 tecum,
615 1374 657 1419 ao
671 1355 798 1438 pariter
810 1353 915 1429 fieret,

121 1459 170 1524 Ut
184 1465 242 1524 aut
255 1459 318 1523 hoe
333 1459 393 1523 tibi
408 1458 536 1522 doleret
548 1456 675 1534 itidem,
688 1461 726 1520 ut
740 1456 822 1520 mihi
837 1455 936 1529 dolet,

119 1560 192 1635 Aut
205 1580 267 1643 ego
281 1560 365 1624 istuc
381 1560 442 1623 abs
457 1565 491 1623 te
505 1559 631 1624 sactum
646 1558 740 1622 nihili
754 1557 947 1641 penderem.

120 1662 191 1724 ΤΗ.
215 1661 269 1723 Ne
284 1661 396 1724 crucia
413 1668 456 1737 te,
472 1662 626 1736 obsecro,
643 1660 754 1724 anime
768 1660 825 1736 mi,
840 1659 886 1722 mi
901 1655 1076 1723 Phaedria.
1167 1653 1199 1746 lb

121 1761 203 1825 Nou
217 1762 287 1841 pol,
303 1780 369 1842 quo
385 1780 574 1843 quenquam
590 1760 665 1843 plus
681 1780 799 1838 amem,
814 1766 875 1824 aut
888 1759 969 1841 plus
984 1757 1132 1840 diligam,

121 1861 273 1925 Boleoi:
296 1859 354 1923 sed
369 1860 418 1924 ita
432 1867 504 1923 erat
517 1879 590 1924 res:
613 1859 805 1923 faciundum
820 1860 895 1924 luit.
950 1902 952 1906 2

122 1963 189 2026 ΡΑ.
212 1961 334 2039 Credo,
350 1969 390 2025 ut
404 1961 452 2039 fit,
470 1963 593 2026 misera
607 1981 676 2045 pree
692 1981 806 2025 amore
821 1959 965 2024 exclusti
979 1959 1069 2023 hunc
1084 1958 1176 2020 foras.
1191 1998 1194 2007 ι

120 2152 272 2216 qeefrigorr,
283 2154 323 2201 ubi
334 2155 393 2202 huuc
403 2153 482 2201 uidere
491 2153 556 2214 roepi.
589 2151 639 2200 ΡΑ.
653 2151 703 2200 Fue
712 2149 872 2211 ultosortiqae
881 2149 915 2196 sis
925 2148 1016 2211 arrium,
1023 2165 1054 2198 rrc
1062 2147 1205 2212 persumme

119 2220 142 2266 si
153 2218 346 2278 benafrigore,
355 2219 436 2266 accede
447 2219 478 2265 ud
486 2217 546 2264 bunc
555 2215 633 2276 Quem
641 2215 766 2278 (nimirum
779 2212 905 2274 Ticidam)
913 2230 922 2260 .·
931 2213 988 2274 juret
999 2214 1093 2278 culejies
1101 2215 1204 2276 plausor

120 2274 228 2334 rasisse.
260 2282 316 2330 ΤΗ.
336 2281 397 2336 Quis
407 2281 445 2327 bic
461 2278 582 2342 loquitur?
598 2280 659 2338 bem,
675 2285 731 2326 tune
748 2292 809 2339 erus,
825 2278 859 2326 mi
875 2275 1012 2326 Plroedrt'u?
1029 2278 1088 2340 quid
1102 2279 1138 2325 bie
1152 2283 1205 2324 sture

121 2342 248 2393 manebus?
263 2359 305 2393 cur
320 2359 365 2392 rua
382 2350 447 2392 rectu
457 2345 548 2391 domum
566 2340 757 2402 ingrediebaris?
790 2343 840 2391 ΡΑ.
858 2342 897 2388 De
911 2346 999 2401 cetere,
1020 2343 1083 2402 quod
1099 2340 1205 2389 molunt

121 2408 210 2456 edibus
223 2407 367 2470 Pltaedrr'um,
379 2408 510 2456 introducto
521 2407 606 2467 milite,
616 2422 645 2455 ne
656 2421 727 2454 unum
738 2406 830 2468 quidem
845 2405 940 2452 uerbum
948 2409 1061 2466 protulit.
1093 2406 1145 2453 ΤΗ.
1156 2402 1206 2459 eril

120 2480 194 2533 tures,
205 2470 335 2520 Pboertriul
370 2473 421 2520 ΡΗ.
440 2472 514 2526 Queri
530 2486 584 2518 uero
598 2471 636 2517 boe
653 2470 711 2517 mibi
728 2484 817 2531 semper
833 2476 921 2528 operte
930 2468 1117 2527 siutsores,osrt
1127 2469 1206 2531 quires

121 2535 169 2583 tuis
179 2535 323 2582 umutoribus
334 2534 379 2582 tibi
388 2535 433 2582 sim
442 2535 573 2595 precipuus
581 2534 673 2592 gretia
694 2587 697 2591 ,
706 2534 758 2581 ΤΗ.
778 2532 869 2580 Omitte
886 2533 936 2579 luce
952 2534 1036 2579 odiose
1053 2533 1132 2580 verbu.
1162 2532 1205 2580 ΡΗ.

123 2595 260 2645 Omittum?
279 2599 302 2644 0
316 2597 395 2655 Ticis,
415 2597 504 2645 Tbuis!
520 2599 613 2644 alinum
632 2601 711 2644 mutae
730 2610 808 2645 umere
827 2595 887 2642 miti
899 2597 1064 2657 responderes,
1068 2596 1206 2660 fieretquerl

121 2661 226 2771 ilbi
246 2660 771 2786 ttulit}littl‘tlt'lttttt‘t}
782 2659 1208 2772 'tittttttttt‘tl‘tt‘l'

123 2788 251 2847 Pollucem,
265 2803 311 2836 aon
327 2788 352 2836 id
368 2793 491 2850 prepterea
496 2737 628 2849 J'reifqu'od
638 2760 794 2835 ulium'allum
805 2760 987 2848 majorismore,
998 2803 1070 2848 quom
1082 2759 1105 2836 le
1116 2735 1208 2849 ceddi

123 2857 170 2907 tur,
182 2856 223 2906 aut
234 2853 347 2900 curionem
358 2852 462 2910 babeam,
471 2855 512 2900 sed
523 2852 548 2899 ire
559 2867 585 2900 eo
596 2858 660 2900 stulu
670 2866 709 2899 res
717 2858 777 2912 erut,
788 2858 814 2898 ut
825 2850 948 2910 itu'fueerc
959 2866 996 2898 nee
1005 2852 1145 2913 oportuerit.
1169 2851 1207 2898 Pa

122 2915 184 2964 Seue
202 2931 267 2979 aero,
287 2921 314 2965 ul
323 2916 384 2981 fieri
399 2917 467 2977 solet,
482 2921 581 2978 propter
598 2930 709 2976 umorem,
727 2930 771 2977 quo
787 2916 852 2964 illum
868 2915 1033 2978 prosequitur,
1044 2917 1120 2964 eidem
1128 2913 1208 2964 occlsrll

586 3056 706 3075 HOMO
709 3056 736 3076 ΙΙ
739 3057 768 3075 Ν

156 3160 171 3203 4
189 3155 227 3202 Μ.
247 3161 297 3204 erto
313 3169 360 3218 pro
378 3169 410 3205 es.
444 3155 495 3204 Sed
515 3162 542 3204 et
562 3155 599 3204 ita
618 3155 685 3204 Pali.
706 3162 769 3206 tres.
790 3158 912 3204 West.-d
927 3156 954 3205 J.
970 3156 1115 3218 obloquitur.
1146 3156 1209 3216 Vulg.

123 3218 339 3268 lun’eruslric.-l
358 3221 427 3282 Lips.
447 3224 512 3268 rectu
531 3220 645 3269 intrabas.
666 3219 755 3269 Guelf.
776 3225 799 3268 l.
819 3219 913 3268 introib.
925 3220 1044 3269 uiue-1⁶2
1061 3223 1114 3271 Aut
1131 3236 1173 3284 pro
1189 3234 1209 3267 rr

124 3281 212 3331 Guelf.
227 3287 249 3331 l.
282 3283 319 3331 Ac
335 3286 425 3344 puriter
435 3285 518 3348 fieret,
534 3283 572 3346 ut]
590 3284 621 3332 ln
638 3283 682 3332 lib.
694 3285 767 3332 Bern.
781 3285 945 3346 particulari
957 3284 1127 3347 subsequenti
1139 3283 1209 3333 versui

122 3347 284 3408 adjungitur:
303 3348 340 3394 itu
352 3347 459 3396 ‘fieret'
472 3348 579 3409 primam
592 3349 719 3409 producit.
739 3349 849 3397 Fa—ts
866 3348 944 3396 Both.
953 3347 1040 3410 fieret,
1051 3351 1103 3398 Aul
1112 3350 1156 3398 tibi
1165 3349 1210 3396 b.-

123 3413 154 3457 14
172 3408 236 3458 Cod.
249 3408 429 3470 Academicus,
439 3412 481 3459 oili
490 3414 685 3474 penderem-15
703 3412 773 3474 Lips.
785 3413 851 3460 ulter
863 3420 888 3458 et
901 3411 934 3459 G.
945 3411 1062 3462 cruciare.
1096 3409 1210 3462 Arimini

123 3471 248 3533 Pbaedriu]
266 3473 307 3520 Sic
325 3474 372 3521 Fe.
393 3474 439 3535 [G.
449 3475 495 3523 Br.
507 3476 562 3524 ΕΤ.
575 3477 636 3523 ΕΜ.
651 3474 695 3537 Ζ.]
713 3483 800 3524 errato
818 3475 909 3537 opinor
929 3476 1106 3539 Typograplni.
1139 3478 1210 3525 Recte

124 3537 177 3599 alii,
194 3536 272 3584 artimr
283 3536 325 3598 mi,
335 3538 369 3584 mi
380 3538 504 3587 Pbredriu.
520 3540 598 3589 Bent.
632 3541 709 3588 Both.
721 3540 799 3600 legit:
818 3541 856 3588 Ne
867 3539 947 3587 mucio
958 3541 1060 3588 nimium
1076 3545 1108 3596 te,
1123 3541 1210 3592 ebsecro.

122 3601 156 3649 mi
175 3598 309 3649 Pbaedrr'e!
334 3609 361 3649 et
380 3608 463 3662 notet,
488 3603 547 3650 ‘Ne
564 3602 643 3651 errem
662 3609 695 3661 te,
716 3604 816 3664 obsecro,
837 3602 915 3651 enimc
936 3602 978 3658 ml,
998 3604 1125 3661 Plroedriu,
1147 3616 1210 3652 versu

122 3666 218 3714 hiante.
252 3665 418 3731 Benaonime
428 3666 470 3724 mi,
478 3667 511 3714 mi
521 3667 645 3727 Pbaedriu,
660 3667 805 3728 κακοφώνοις.
838 3668 995 3728 corruptum
1008 3669 1210 3717 censeorerbum

122 3731 209 3788 crime,
226 3744 241 3776 a
253 3743 303 3792 quo
315 3744 397 3792 prope
407 3730 491 3790 abest,
502 3731 570 3793 quod
583 3733 697 3792 reposui,
707 3732 814 3780 nimium.
835 3730 1130 3781 Cf.Heaut.180.’-18
1146 3731 1209 3781 Bodl.

123 3795 239 3842 excludit:
258 3802 331 3856 patet
343 3808 403 3843 reto
416 3797 548 3843 Donatum
565 3796 601 3842 uel
612 3797 712 3844 exclusti
723 3798 825 3859 legisse,
843 3795 910 3858 quod
923 3799 1013 3842 tuetur
1032 3796 1079 3846 Fa.
1100 3799 1137 3845 rel
1146 3797 1211 3844 ercle·

123 3859 187 3906 sisti.
220 3856 265 3906 Pr.
278 3857 319 3906 tib.
331 3872 388 3908 x1v.
406 3867 433 3907 et
446 3858 518 3919 Lips.
529 3859 638 3908 exclusit.
656 3861 738 3908 West.
772 3859 860 3908 Verba
872 3857 966 3906 Fae'rui
982 3859 1041 3907 lnaec
1058 3871 1134 3909 suut:
1149 3860 1209 3907 ‘Er-

123 3923 192 3970 elusit
209 3921 270 3969 bunc
283 3921 364 3984 feres]
382 3924 424 3971 Ita
436 3929 465 3971 ut
476 3936 555 3984 supra
567 3921 662 3972 habent
676 3938 763 3971 omues
775 3922 872 3986 antiqui
886 3921 948 3970 libb.
962 3928 988 3969 ut
1001 3936 1090 3972 omnes
1104 3931 1210 3973 recentes

124 3993 151 4031 et
163 3987 212 4034 Do.
225 4000 255 4033 uc
266 3985 312 4033 Pr.
330 3986 465 4035 exclruisti:
481 4000 530 4047 ege
545 3986 645 4033 exclusti
662 3986 799 4049 legendum
811 3986 1037 4041 urbitt·or,.ordine
1051 3994 1148 4037 tantum
1159 3989 1208 4034 bnt·

122 4061 179 4094 rum
192 4049 323 4096 literarum
335 4065 367 4098 ex
380 4051 485 4114 antiqua
496 4050 558 4098 lect.
569 4050 717 4103 immutato:
736 4051 773 4098 its
790 4050 928 4098 conveniet
938 4064 1004 4098 >cum
1027 4053 1112 4100 verbis
1124 4047 1210 4100 Donati

124 4108 245 4174 dicentis,
259 4112 465 4165 ‘Parmenonem
482 4115 531 4164 hoc
552 4113 670 4165 intulisse
680 4114 744 4178 παρὰ
752 4112 902 4179 προσδοκίαν,
917 4114 1046 4165 intuendo
1057 4117 1176 4181 puellam,
1188 4119 1209 4160 et
