2678 4702
126 268 191 335 218
493 277 725 328 rsancrscus
749 279 853 327 unns
1255 342 1257 407 Χ

126 425 298 494 adhibitum,
313 424 343 481 in
355 420 501 482 continuis
511 430 610 480 autem
622 421 748 499 negotiis
759 421 885 482 diversa.
907 422 964 482 Est
975 423 1103 502 quidem
1111 426 1161 484 ubi
1171 445 1214 484 nn·

124 523 196 583 meri
206 521 293 580 rebus
302 519 373 578 mire
384 515 583 585 rontonicum
604 536 725 577 eausam
733 528 831 577 tamen
849 529 941 577 tantae
951 520 1111 590 varietatis
1125 521 1216 599 opinor

124 620 202 678 hanc
217 615 334 674 unicam
349 613 451 683 fuisse,
473 623 507 670 ut
520 631 555 671 eo
570 612 664 690 magis
675 614 764 692 po'e'ta
778 616 1111 692 spectatorumanimos
1126 618 1214 675 relice-

124 725 168 774 ret
183 721 213 772 et
227 711 347 770 taedium
362 708 490 776 levaret;
512 728 579 768 cum
593 707 665 788 ipsus
678 709 765 768 etiam
782 710 921 769 orationis
933 710 1061 770 virtutes
1077 711 1214 771 fastidium

124 808 251 893 pariant,
266 805 322 865 nisi
337 804 432 883 gratia
445 804 594 865 varietatis
609 803 728 882 adjutae.
764 804 904 864 Gaudent
917 805 997 864 enim
1013 826 1122 867 omnes
1135 807 1215 866 varie·

124 914 196 977 tate,
220 912 260 973 et,
284 903 360 962 sicut
380 898 457 960 oculi
472 899 652 958 diversarum
673 909 795 978 aspectu
811 919 905 958 rerum
920 901 1017 979 magis
1046 901 1213 975 detinentur,

124 1002 167 1060 ita
191 1019 276 1059 aures
300 998 409 1058 crebris
432 1015 618 1055 numerorum
634 979 734 1074 'atque
760 993 834 1056 adeo
849 1015 987 1055 versuum
1009 983 1214 1057 mutationibus

126 1096 318 1157 oblectantur.
374 1092 462 1161 Quod
487 1112 554 1151 cum
578 1092 670 1171 ipsius
695 1092 870 1160 Quintiliani
889 1092 1039 1171 judicium
1066 1093 1116 1166 sit,
1138 1095 1214 1180 miror

124 1192 252 1252 voluisse
278 1189 514 1267 elegantissimas
538 1187 666 1246 Terentii
689 1187 817 1247 Fabulae
840 1188 910 1246 solis
931 1189 1076 1249 trimetris
1093 1191 1212 1269 astringi,
1240 1260 1244 1267 Ι

124 1307 191 1348 curn
206 1296 237 1346 et
252 1286 309 1345 alia
321 1305 429 1363 genera
444 1284 503 1343 sint
512 1283 729 1356 venustissima,
744 1294 775 1343 et
786 1283 848 1342 sine
862 1283 920 1342 illis
936 1286 1111 1362 gratissima
1124 1305 1212 1345 nume·

125 1403 223 1444 rorum
246 1383 372 1442 varietas
397 1382 492 1441 omnis
520 1380 580 1439 sere
599 1379 743 1459 periisset.
787 1380 865 1438 Hinc
887 1381 1037 1460 estquod
1065 1382 1095 1439 in
1120 1382 1213 1453 scenis,

124 1497 192 1559 quoe
207 1498 244 1539 ex
258 1477 432 1538 tetrametris
448 1476 519 1536 solis
534 1485 683 1546 constant,
699 1474 807 1553 soepius
823 1473 860 1533 de
880 1473 937 1533 alio
960 1495 1074 1554 genere
1092 1476 1213 1536 adalind

124 1575 282 1641 transitum
304 1573 358 1633 sed
372 1573 430 1633 hoc
444 1582 528 1631 tanto
539 1572 607 1630 fecit
616 1571 730 1649 judicio
747 1570 912 1642 Terentius,
925 1579 959 1629 ut
971 1571 1001 1629 in
1016 1572 1093 1650 ipsis
1109 1591 1213 1651 qnoque

126 1669 341 1730 narrationibus
357 1668 394 1727 ad
417 1668 504 1727 aliam
523 1686 584 1727 rem
603 1667 744 1727 transitus
759 1666 846 1726 simul
860 1667 921 1726 fiat.
961 1666 1033 1728 Vid.
1048 1670 1126 1730 Eun.
1141 1690 1177 1728 11.
1190 1671 1212 1727 i.

125 1769 174 1824 24.
190 1775 291 1824 et111.
307 1767 335 1822 5.
351 1767 400 1822 44.
445 1763 478 1820 ln
493 1763 549 1820 bac
566 1760 691 1840 denique
705 1781 841 1822 versuum
854 1761 996 1822 varietate
1011 1762 1112 1822 Latini
1132 1763 1213 1824 secuti

125 1870 195 1921 sunt
216 1858 349 1931 Groecos,
364 1857 462 1917 Groeci
485 1876 553 1916 vero
577 1866 722 1932 naturam,
743 1856 791 1917 cui
812 1876 927 1936 semper
940 1868 1029 1935 grata
1044 1870 1093 1918 est
1112 1858 1213 1919 vicissi-

125 1955 209 2016 tudo.
768 1973 772 1982 '
1023 1968 1028 1977 “

165 2051 253 2123 Quod
278 2053 316 2111 ad
340 2054 461 2111 alteram
476 2051 680 2128 quaestionem,
702 2070 754 2110 cur
769 2050 948 2111 diversorum
962 2071 1107 2131 generum
1123 2073 1213 2114 versus

124 2151 275 2209 Terentius
285 2149 416 2218 misceat,
432 2157 462 2206 et
471 2166 550 2205 nunc
560 2147 721 2206 trimetrum
732 2148 916 2220 tetrametris,
928 2167 1006 2208 nunc
1018 2159 1213 2210 tetrametrum

125 2244 262 2304 trimetris
278 2243 398 2312 inserat,
413 2261 492 2299 nunc
517 2241 546 2298 in
571 2240 695 2300 diversis
709 2251 943 2301 tetrametrorum
962 2247 1125 2322 generibus
1146 2247 1214 2305 idem

124 2339 232 2406 faciat;
254 2338 311 2396 hoc
325 2357 443 2416 quoque
467 2337 577 2395 sactum
597 2338 718 2395 arbitror
732 2338 770 2395 ob
785 2336 903 2397 easdem
917 2340 978 2398 sere
992 2359 1114 2413 causas,
1140 2352 1168 2400 et
1186 2351 1213 2399 ut

124 2435 156 2494 in
188 2433 392 2512 prolixioribus
427 2431 523 2491 scenis
552 2430 715 2490 dormitans
742 2431 835 2491 lector
862 2434 901 2493 ad
936 2454 1020 2494 aures
1052 2437 1212 2517 arrigendae

126 2530 286 2596 excitetun
308 2527 360 2588 sed
387 2548 500 2606 semper
523 2527 683 2587 commodis
707 2527 737 2585 in
751 2528 835 2602 locis,
859 2530 952 2589 etubi
974 2552 1021 2590 res
1041 2532 1109 2612 ipsa
1130 2544 1214 2591 muta·

122 2625 219 2685 tiones
244 2623 388 2703 ejusmodi
410 2625 455 2683 vel
471 2624 595 2683 suadere
616 2624 663 2684 vel
678 2625 738 2704 pati
762 2625 866 2684 saltem
881 2627 1026 2687 videatur.
1070 2630 1141 2689 Duo
1154 2648 1212 2688 vero
1255 2676 1257 2687 .

124 2740 243 2799 genera,
256 2720 336 2798 quod
356 2730 443 2780 antea
464 2722 572 2798 monui,
587 2731 647 2779 tam
671 2739 772 2799 parum
788 2723 863 2781 inter
887 2742 918 2781 se
933 2721 1059 2797 distant,
1074 2737 1108 2783 ut
1123 2745 1211 2784 eorum

122 2815 245 2875 mistura
272 2815 375 2875 merito
404 2815 485 2875 nulla
513 2816 626 2875 censeri
656 2814 772 2889 debeat,
798 2816 979 2877 trochaicum
1008 2818 1079 2878 dico
1102 2829 1126 2882 t.
1140 2842 1165 2881 c.
1188 2831 1212 2878 et

121 2910 290 2969 iambicum.
317 2919 340 2970 t.
368 2920 445 2969 acat.
474 2930 541 2969 cum
573 2909 637 2968 sola
657 2909 732 2969 inter
761 2931 862 2972 versus
890 2933 941 2972 eos
976 2913 1147 2976 differentia
1172 2916 1212 2986 sit,

122 3005 204 3085 quod
233 3006 357 3064 alterum
386 3007 423 3064 ab
445 3005 528 3063 initio
557 3003 630 3063 alter
657 3025 717 3064 una
743 3007 857 3085 syllaba
885 3008 933 3068 vel
954 3010 1108 3088 semipede
1138 3032 1212 3071 exce·

123 3102 184 3161 dat.
226 3104 324 3181 Atque
338 3102 404 3160 haec
422 3100 460 3159 de
474 3098 631 3160 trochaicis
655 3111 686 3159 et
708 3102 842 3163 iambicis
864 3104 1019 3182 generibus
1047 3108 1130 3168 dicta
1153 3109 1212 3167 sint.

122 3197 279 3256 Sunt-vero
289 3200 318 3256 in
328 3197 474 3257 veteribus
487 3197 625 3270 Cornicis,
635 3199 824 3275 proeterhoec,
835 3203 969 3281 exempla
980 3204 1121 3280 quaedam
1133 3224 1213 3284 gene·

120 3292 163 3349 ris
177 3292 265 3351 etiam
280 3291 416 3370 paeonici,
432 3311 533 3350 versus
557 3292 670 3350 scilicet
684 3293 837 3354 bacchiaci
858 3304 887 3356 et
901 3295 1019 3364 cretici;
1042 3319 1121 3377 quos
1142 3297 1213 3378 apud

123 3386 263 3445 Plautum
278 3405 386 3463 magno
401 3405 521 3444 numero
545 3394 576 3445 et
594 3385 623 3443 in
645 3391 724 3448 omni
746 3390 805 3449 sere
820 3391 935 3450 Fabula
955 3391 1102 3469 invenias,
1125 3395 1177 3455 sed
1190 3395 1214 3453 in

123 3481 261 3541 Terentio
286 3491 345 3540 tarn
365 3479 452 3559 pauci
473 3490 552 3553 sunt,
576 3490 610 3539 ut
634 3502 671 3540 ne
695 3484 746 3542 uni
771 3484 890 3562 quidem
913 3487 1032 3564 paginae
1060 3489 1214 3569 implendo

123 3578 294 3639 sufficiant:
316 3577 475 3655 dequibus
490 3578 528 3637 ad
551 3579 618 3638 loca
642 3599 697 3639 sua
711 3581 783 3640 satis
798 3582 869 3655 dixi,
888 3593 922 3641 ut
944 3582 979 3641 iis
1002 3583 1052 3643 hic
1074 3585 1214 3646 immorari

120 3676 209 3756 plane
222 3693 473 3754 supervacaneum
487 3674 535 3735 sit.

117 3803 125 3815 ·
163 3773 261 3852 Pergo
274 3771 362 3850 igitur
381 3771 419 3830 ad
441 3771 562 3831 alteram
583 3770 671 3850 hujus
694 3773 820 3832 instituti
840 3785 963 3852 partem,
978 3795 1106 3855 eamque
1120 3781 1213 3858 longe

122 3867 334 3941 difficillimam,
361 3866 398 3927 de
423 3866 547 3927 licentiis
567 3865 674 3940 dicere,
698 3869 804 3946 quibus
819 3880 932 3930 veteres
948 3871 1064 3931 Comici
1079 3876 1126 3934 usi
1141 3889 1213 3946 sunt,

119 3981 281 4043 earumque
295 3964 399 4024 modos
422 3975 452 4022 et
468 3962 606 4028 ,rationes
630 3984 786 4044 exponere.
828 3967 863 4026 ln
878 3966 992 4044 ‚quibus
1016 3969 1213 4050 intelligendis

118 4074 189 4117 acum
203 4060 331 4121 riderem
353 4080 400 4120 me
424 4076 527 4140 parum
550 4056 682 4136 adjutum
697 4081 714 4122 a
728 4062 768 4123 rei
782 4063 910 4125 metricae
926 4064 1131 4143 scriptoribus,
1145 4087 1213 4147 quo·
