2678 4702
392 314 548 364 aaaron
572 316 653 364 nor.
678 316 701 362 1.
725 312 778 362 sc.
804 315 827 360 1.
1093 297 1157 362 281

60 454 132 519 Dic
148 454 259 534 sodes,
274 457 348 538 quis
361 458 430 522 heri
443 457 637 541 Chrysidem
649 458 794 522 babuitl
817 475 895 520 nam
909 454 1049 520 Andriae

61 557 119 620 llli
133 557 170 620 id
186 563 258 621 erat
271 578 403 623 nomon.
433 560 493 624 So.
508 560 633 624 Teneo.
660 560 712 624 Sr.
727 558 917 636 Phaedrum,
932 564 992 622 aut
1003 556 1158 635 Cliniam,

63 658 248 736 Dicebant,
263 669 321 723 aut
336 660 530 724 Niceratum
542 682 551 740 3
565 680 644 725 nam
657 661 691 725 hi
704 671 771 724 tres
785 667 857 724 tum
872 659 973 722 simul
1115 657 1158 723 60

62 759 243 824 Amabant.
286 760 371 838 Eho,
387 762 466 843 quid
484 760 707 845 Pamphilost
729 759 849 839 Qnidt
870 758 1060 842 symbolam
1136 818 1139 823 .

40 859 180 936 Dedit,
196 862 362 931 coenavit:
384 861 582 943 gaudebam.
626 862 712 927 Item
727 862 795 928 alio
809 862 865 926 die
897 887 900 890 ·
1104 888 1160 995 U

10 961 13 964 ’
63 959 288 1038 Quaerebam:
310 965 566 1045 comperiebam,
583 964 666 1027 nihil
681 963 725 1028 ad
741 963 955 1046 Pamphilum

64 1060 258 1145 Quicquam
272 1065 436 1128 attinere:
461 1067 625 1129 enimvero
640 1069 827 1149 spectatum
842 1064 937 1128 satis·

65 1163 249 1248 Putabam,
264 1171 297 1228 et
311 1184 466 1247 magnum
482 1167 674 1248 exemplum
688 1165 922 1231 continentiae:
1118 1161 1163 1227 ob

64 1261 169 1342 Nam,
184 1266 243 1347 qui
258 1286 336 1329 cum
350 1268 489 1348 ingeniis
503 1269 715 1333 conflictatur
727 1266 903 1351 ejusmodi,

65 1362 188 1446 Neque
202 1375 430 1431 commovetur
444 1369 575 1432 animus
589 1370 625 1432 in
639 1387 682 1434 ea
696 1388 732 1432 re
747 1375 871 1445 tumen,
909 1422 911 1426 ,

64 1466 164 1531 Scias
179 1486 282 1549 posse
295 1469 418 1535 habere
427 1470 501 1554 jam
515 1471 628 1553 ipsum
643 1490 715 1536 suae
731 1471 808 1536 vitae
823 1469 971 1534 modurn.

63 1673 94 1720 ab
105 1673 145 1722 bis
155 1674 302 1736 qnoerebnm:
320 1675 396 1736 Hens,
410 1689 479 1739 puer,
497 1675 547 1738 die,
564 1692 659 1740 qnoeeo:
675 1679 728 1741 quis
744 1679 796 1728 beri
813 1677 954 1743 cateridem
970 1672 1073 1726 marie?
1096 1674 1164 1723 Nun

63 1736 114 1785 brec
125 1737 222 1787 Andria
235 1740 270 1787 sic
279 1739 451 1789 nominabatur.
484 1741 531 1790 So.
547 1740 612 1792 Scio.
644 1743 684 1792 sr.
701 1742 890 1806 Respondebam,
900 1742 1038 1801 Plraerlrsm,
1055 1743 1098 1788 aut
1113 1737 1164 1786 Cli-⁴

63 1802 139 1863 nium,
148 1807 192 1850 ont
201 1803 343 1858 Nicerntom
352 1819 362 1860 ,·
372 1818 427 1852 rom
436 1804 463 1852 bi
473 1809 522 1853 tres
531 1809 588 1854 turer
596 1807 667 1855 mmai
676 1807 785 1856 amabant
797 1807 945 1872 crispeium.
978 1806 1041 1862 Ello,
1050 1802 1166 1863 dicesz

63 1865 123 1939 quio
134 1866 275 1928 Pompbilss
286 1865 369 1926 serit?
387 1867 452 1923 Quia
462 1865 544 1929 serit?
559 1867 743 1933 respondebam.-
761 1876 854 1934 portem
864 1885 931 1920 mora
947 1870 1048 1920 matulit
1064 1869 1097 1917 ml
1111 1879 1166 1914 eorr-

62 1929 163 1988 oeoiam,
188 1930 296 1981 emunit.
332 1931 468 1980 Goudebom
490 1932 540 1980 brec
559 1935 665 1982 ondins.
705 1934 824 1984 Similiter
843 1935 891 1983 ulio
910 1935 949 1982 elie
970 1930 1165 1992 interrogabunt

63 1994 234 2055 comperiebam
251 1994 312 2043 nillil
326 1995 369 2055 ogi
386 1997 518 2058 qumquam,
534 1998 596 2058 qnod
605 1998 637 2045 od
647 1997 801 2059 Pompbilum
810 1998 933 2046 attineret.
968 1997 1039 2045 Certe
1053 1992 1165 2057 petolan

63 2070 119 2104 eum
139 2057 201 2106 sotis
221 2073 237 2106 o
254 2073 291 2106 me
308 2061 455 2120 exploratum
475 2073 534 2120 esre,
552 2065 576 2108 et
595 2074 706 2121 moenum
724 2063 856 2122 exemplam
874 2059 1025 2108 continentie
1046 2055 1165 2106 exbibete.

58 2121 143 2181 vNrrru,
154 2123 194 2183 qni
203 2136 256 2171 eure
265 2122 395 2171 bominibus
407 2124 468 2172 tolie
473 2122 565 2183 ingenii
574 2129 732 2186 caecaretur,
747 2139 821 2187 neque
828 2129 906 2173 tomen
914 2137 992 2172 eorum
1003 2118 1166 2170 communire

63 2185 97 2233 rai
111 2185 235 2234 libidinem
252 2187 389 2252 impellitur,
405 2187 539 2248 creceium
555 2202 621 2251 poree
637 2190 714 2252 ipsum
729 2189 787 2238 vitre
803 2202 852 2237 suoe
869 2189 1016 2238 moderamen
1027 2190 1051 2236 et
1060 2183 1166 2247 regimen

57 2444 150 2494 ⁴Both.
163 2443 207 2509 qni
219 2444 265 2494 dat
282 2445 347 2494 luno
357 2449 409 2494 eret
419 2447 510 2494 :re-60
527 2443 569 2495 ΑΙ.
585 2446 698 2509 Dicebat,
718 2459 769 2495 nou
785 2445 885 2508 inepte.
902 2445 969 2495 Peri.
1002 2444 1045 2494 Sic
1064 2445 1111 2493 Br.
1123 2443 1167 2494 nbi

67 2510 94 2558 io
106 2509 206 2558 Glossis
217 2511 301 2558 Brnns
313 2515 404 2558 notat:
422 2508 513 2558 ‘noia
526 2511 657 2559 Dicebant:
675 2517 753 2574 atque
762 2510 799 2559 ita
808 2524 876 2558 nunc
887 2509 913 2558 in
922 2505 988 2558 rod!
1022 2509 1080 2558 ilem
1090 2508 1167 2557 omit·

68 2580 130 2622 tunt
140 2573 187 2621 Br.
198 2581 226 2623 et
238 2573 279 2624 ed.
289 2573 361 2623 Perl.
374 2573 416 2637 qni
434 2580 537 2621 monet:
556 2573 665 2624 ‘Guelfi
676 2578 700 2624 1.
721 2580 779 2636 post
795 2572 882 2623 ‘tres’
899 2574 951 2637 leg.
968 2577 1026 2622 tum.
1043 2569 1133 2622 Guelf.
1141 2575 1167 2622 2.

55 2641 120 2687 'tem
131 2641 192 2699 post
202 2635 279 2685 ‘ha'’
294 2638 374 2687 Beut.
387 2637 442 2685 vult
452 2637 505 2686 Aut
521 2637 662 2687 Nicerotem
671 2638 852 2688 dicebant-61
870 2638 987 2687 Praestat
996 2636 1123 2700 symbolam
1131 2635 1168 2687 le·

65 2714 143 2815 ‘bt
152 2699 462 2829 tantillam?
471 2701 553 2813 ἶὲἑῗ
565 2701 1167 2829 ”ttit.llt:5¹.tttllltt.itit:

68 2829 317 2892 Erasmsymbolm
334 2828 470 2878 Pera-oa
487 2829 575 2876 ladem
592 2831 635 2878 erl.
655 2830 799 2880 Bam-til
815 2829 889 2878 Lind.
902 2836 930 2878 et
939 2830 1002 2879 Pur.
1012 2843 1045 2878 ex
1056 2827 1108 2876 Ms.
1142 2841 1169 2875 a·

69 2893 115 2942 rie.
140 2893 260 2954 attingere
271 2891 363 2941 citant.
384 2892 460 2942 West.
494 2893 579 2954 Quieq.
595 2906 646 2941 non
662 2894 721 2943 bob.
732 2891 820 2943 Guelf.
831 2897 922 2943 2.—bo
938 2893 1015 2955 Conj.
1034 2891 1101 2940 Gor.
1115 2904 1170 2939 com

61 2958 148 3019 flictst
160 2955 194 3006 ob
204 2960 388 3005 metrum-6⁷
397 2955 432 3004 Ν.
442 2961 613 3006 commoneatur
622 2972 645 3006 o.
655 2957 682 3006 in
689 2973 717 3006 eo
726 2971 762 3020 re,
773 2962 852 3005 torrere
862 2957 931 3005 Seius
940 2957 987 3006 Br.
1002 2957 1010 2984 ‘
1020 2955 1114 3004 Tamen.
1130 2954 1170 3003 Μ.

69 3025 131 3068 trum
147 3020 268 3082 Gnyetus
279 3020 361 3081 delet,
372 3019 469 3082 legens,
481 3020 565 3083 Neque
576 3020 832 3070 commoreturorimus
845 3021 872 3068 in
887 3035 915 3069 eo
933 3033 969 3078 re,
985 3021 1054 3079 seius,
1070 3018 1170 3067 Parem

70 3084 216 3145 boberejom
226 3084 302 3147 iprum
311 3099 360 3133 Μ
370 3083 427 3132 oitoe
436 3085 537 3133 modam
554 3085 606 3134 Sed
619 3091 646 3133 et
656 3090 706 3133 tam
715 3085 838 3147 legebant
851 3083 918 3132 Gor.
928 3088 957 3131 et
967 3084 1011 3131 Fr.
1024 3081 1169 3131 Fabricius.

70 3148 172 3197 Parem
182 3147 212 3196 rb
224 3154 302 3198 tomes
312 3147 411 3196 frustra
422 3148 515 3196 mutari
527 3148 562 3196 sit
573 3164 580 3195 r
599 3155 688 3209 recte:
705 3162 763 3196 nam
775 3153 803 3195 et
812 3148 934 3196 Donatus
945 3146 1017 3221 legit,
1027 3152 1055 3195 et
1066 3145 1170 3208 apposi-

71 3219 127 3261 tum
139 3212 220 3274 magis
230 3219 278 3269 eet,
290 3218 464 3276 praeterquam
477 3211 579 3274 quadiu
589 3211 720 3275 plerisque
729 3211 847 3260 omnibus
858 3211 921 3259 Mes.
930 3208 1044 3272 legitur!
1063 3210 1170 3258 Μ.-

70 3279 104 3325 68
121 3276 154 3325 In
166 3275 308 3338 exemplari
318 3282 422 3325 vetusto
433 3276 558 3337 seriptum
570 3275 683 3338 reperio,
691 3275 718 3323 in
728 3289 756 3323 eo
764 3289 800 3336 re,
810 3275 872 3323 emas
883 3275 943 3324 Tum
955 3275 1010 3334 jam
1027 3275 1103 3338 iprum
1114 3272 1170 3324 bob.

69 3339 168 3402 possea
180 3355 203 3389 o.
214 3355 248 3389 m.
265 3340 389 3404 quaeriue
401 3339 579 3389 controversia
591 3353 652 3389 rora
664 3346 705 3389 est
716 3340 803 3389 lectio.
816 3339 879 3389 Gon.
911 3339 982 3404 Lege
993 3353 1026 3389 ex
1037 3338 1096 3389 eod.
1104 3336 1172 3388 Aou-

569 3484 675 3535 NOTAE

105 3600 138 3647 58
154 3595 205 3646 Dic
221 3597 299 3660 eodm]
323 3595 474 3646 Priscianus
492 3597 529 3647 sit
546 3610 603 3647 ver·
644 3597 767 3649 vivarum.
793 3595 896 3660 Latine,
917 3597 1037 3647 collecta.
1062 3596 1171 3661 Gallice,

66 3673 135 3730 bum
146 3685 204 3721 esre
214 3670 384 3733 defectivum,
397 3685 453 3735 pro,
464 3672 487 3720 si
506 3672 602 3721 andes:
643 3672 731 3724 l'eseot.

73 3746 159 3808 utris,
169 3760 229 3810 pro,
248 3746 269 3794 ri
285 3747 336 3796 vis.
362 3745 544 3796 Precationem
561 3747 604 3795 vel
675 3753 708 3798 ba
726 3746 898 3813 Conflictatus]
926 3743 1035 3806 confligi
1056 3750 1084 3792 et
1111 3758 1171 3794 con-

73 3820 282 3872 exhortationem
293 3819 423 3870 (leuotut.¹
643 3824 738 3877 fliotari
759 3840 800 3874 res
822 3825 908 3888 aliqua
929 3822 1032 3883 dicitur,
1053 3834 1112 3870 conr
1137 3823 1171 3872 ad

105 3900 137 3945 (ll
156 3894 292 3958 Symbvissm
311 3894 400 3956 Delii]
415 3895 519 3944 Dicitur
535 3909 603 3958 flym-
645 3903 721 3953 aliam
733 3903 855 3952 atteritur
865 3907 893 3949 et
908 3897 1054 3947 affricatur:
1070 3904 1101 3946 nt
1111 3912 1171 3949 cum

73 3971 161 4021 bolum
178 3976 208 4019 02
225 3969 342 4034 ⁸5mb⁰¹⁸
356 3984 372 4018 ⁸
387 3967 526 4034 σνμβόλλθ,
543 3985 605 4020 0⁰¹¹·
643 3980 710 4044 lapis
723 3979 755 4028 ad
772 3976 870 4026 ferrum
885 3973 985 4035 igniarii
1004 3973 1128 4042 alliditur,
1137 3974 1172 4028 ati

74 4046 141 4097 fero.
175 4043 606 4109 Intereliasiguilieata,estpecu·
644 4054 797 4106 eliciendam
808 4048 955 4106 scintillam.

74 4123 207 4188 uim-qum
226 4123 349 4184 erogetur
368 4118 523 4183 aqnolibet
543 4133 607 4172 con·
930 4126 933 4127 ’
