2678 4702
402 311 451 360 ns
474 308 614 361 nausis
636 309 908 360 unsnuumurs.
1134 297 1200 365 249

101 455 204 526 hodie,
220 453 323 532 lingna
331 449 508 530 jamdudum
522 462 664 524 emortua,
684 452 770 512 facile
786 451 976 513 conceditur:
1003 452 1059 511 nisi
1080 453 1198 532 culpam

102 554 171 633 quis
186 547 376 609 defendendo
390 548 492 608 fecerit
505 547 654 626 majorem.

145 650 297 718 Ceterum,
316 645 374 717 abi,
398 645 489 718 domi,
513 644 585 717 redi,
607 643 682 716 dari,
700 663 782 723 roga,
803 642 887 722 jube,
911 653 988 715 tace,
1009 644 1087 718 vide,
1108 656 1138 704 et
1160 647 1201 706 si·

101 764 163 825 qua
177 743 209 802 id
223 761 319 822 genus
339 742 397 801 alia
420 761 488 821 qnae
510 739 643 800 ultimam
665 725 782 801 bievem
805 739 925 812 habent,
943 739 1049 801 vixest
1062 752 1095 802 ut
1109 741 1202 802 liceu-

101 854 146 902 ter
159 839 256 911 dicas,
278 837 333 898 sed
352 837 484 918 legitime
508 836 633 919 corripi:
655 857 723 897 cum
737 847 851 897 ueteres
865 836 941 917 epici
954 836 1031 896 idem
1042 837 1093 916 jus
1113 857 1200 900 usur·

101 935 248 1016 paverint.

144 1031 285 1092 Similiter
298 1031 336 1090 de
350 1029 426 1091 crasi
437 1048 578 1099 censeas:
593 1049 654 1109 qua
668 1029 734 1090 duae
748 1030 877 1104 vocales,
891 1049 1013 1108 quarum
1023 1049 1082 1089 una
1091 1031 1199 1103 brevis,

101 1129 129 1187 iu
156 1146 248 1186 unam
271 1125 503 1187 contrahuntur:
524 1136 568 1199 ut,
593 1125 655 1199 diu,
680 1125 789 1198 Deum,
812 1126 954 1197 Deorum,
977 1144 1084 1196 meum,
1103 1135 1198 1197 tuum,

101 1242 199 1295 snum,
218 1241 360 1296 meorum,
381 1227 438 1282 &n
461 1222 526 1295 fuit,
549 1222 659 1282 fuisse:
680 1222 757 1296 haec,
779 1232 809 1282 et
830 1222 917 1301 siqua
936 1221 1115 1299 hujusmodi,
1131 1223 1198 1302 jure

101 1320 219 1398 quoties
233 1319 345 1379 vellent
369 1318 583 1379 contrahebant
604 1318 729 1387 comici;
756 1319 825 1397 qnia
845 1316 923 1377 idem
947 1317 1036 1396 epicis
1053 1317 1104 1396 jus
1125 1329 1200 1378 erat.

102 1415 216 1475 Durius
232 1415 353 1495 quidem
367 1414 548 1487 nostratibus
562 1424 680 1482 sonant,
692 1414 792 1492 hujus,
806 1413 901 1493 cujus,
925 1412 999 1491 ejus,
1020 1432 1108 1485 novo,
1132 1413 1201 1487 levi,

102 1507 132 1567 in
148 1529 240 1570 unam
253 1511 397 1590 syllabam
408 1520 579 1571 contracta:
602 1530 701 1572 verum
723 1509 753 1568 id
775 1529 811 1570 en
831 1509 938 1578 euenit,
950 1508 1029 1587 quod
1045 1528 1099 1568 nos
1113 1508 1202 1570 hodie

101 1605 180 1665 male
194 1607 427 1685 pronuntiemus.
469 1607 581 1666 Notum
594 1606 672 1666 enim
686 1618 733 1666 est
746 1605 879 1677 eruditis,
899 1615 1098 1665 consonantes
1112 1605 1122 1664 i
1135 1615 1166 1664 et
1180 1624 1200 1664 u

101 1701 181 1780 apud
198 1701 321 1769 Latinos
336 1701 440 1763 eodem
466 1702 558 1762 fuisse
583 1721 658 1763 sono
678 1713 709 1762 et
722 1712 879 1782 potestate,
899 1721 959 1781 quo
981 1700 1070 1760 hodie
1085 1722 1105 1782 y
1118 1709 1149 1761 et
1162 1721 1198 1760 w.

102 1797 282 1859 Pronunties
295 1798 395 1877 igitur,
408 1817 512 1878 cuyus,
534 1819 630 1872 nono,
652 1799 728 1872 leui,
751 1810 782 1862 et
802 1798 917 1862 mollior
937 1799 988 1859 fiet
1010 1797 1114 1858 erasis.
1154 1797 1202 1858 lta

102 1885 222 1965 Noster,
236 1904 306 1964 twa,
320 1913 391 1964 swa,
405 1893 635 1974 grandyuscula,
658 1895 857 1976 stellyoninor
883 1894 971 1974 plane
995 1904 1028 1955 ut
1049 1893 1200 1972 Virgilius,

103 1987 220 2069 stellyo,
236 1990 352 2069 abyete,
365 1993 422 2051 dcc.
465 1990 577 2050 Eadem
592 1990 713 2062 ratione,
736 2011 814 2059 cum,
829 1991 904 2070 jam,
926 1989 1073 2060 efferrent,
1098 1999 1132 2048 ut
1145 2008 1200 2047 nos

103 2083 201 2157 hodie,
217 2103 306 2165 yam;
327 2084 446 2145 induas
461 2084 590 2168 syllabas
605 2104 658 2166 pro
676 2085 772 2145 lubitu
786 2084 996 2157 dissolvebant,
1012 2091 1109 2143 ‘nunc
1121 2084 1201 2143 iam!

104 2179 244 2240 Ceterum
258 2180 288 2238 in
301 2179 359 2240 hac
372 2179 512 2254 editione,
523 2182 571 2240 ubi
586 2182 645 2240 iam
665 2179 832 2261 disyllabon
845 2190 902 2256 est,
915 2190 1035 2240 notatur
1048 2179 1201 2250 diaeresis;

105 2287 139 2349 et,
153 2274 255 2347 cuius,
269 2274 367 2349 huius,
381 2274 456 2348 elus,
471 2277 522 2337 ubi
535 2276 741 2356 monosyllaba
752 2287 833 2350 sunt,
847 2297 935 2356 super
948 2277 958 2337 i
969 2277 1081 2337 habent
1095 2295 1201 2338 accen·

105 2379 181 2440 tum;
196 2372 249 2432 ubi
261 2372 420 2453 disyllaba,
433 2392 522 2452 super
531 2393 551 2433 n
568 2383 599 2434 et
611 2392 647 2442 ες
662 2373 758 2452 chjus,
771 2373 870 2454 hujus,
885 2371 958 2452 ejus.

142 2467 202 2540 Eii,
216 2469 278 2539 reii,
293 2455 376 2550 speii,
398 2468 494 2549 priore
512 2488 564 2548 per
577 2468 691 2528 ectasin
705 2468 860 2548 producta,
873 2489 934 2530 non
948 2467 1083 2547 indigent
1095 2470 1201 2541 renisa

104 2580 170 2624 cum
186 2563 339 2624 Lucretius
354 2563 460 2642 aliique
470 2563 540 2626 olim
548 2563 623 2645 epici
637 2563 715 2624 idem
725 2563 856 2626 fecerint.
899 2566 933 2624 In
945 2574 1047 2626 nostra
1060 2565 1201 2640 editione,

101 2676 167 2720 cum
180 2658 395 2738 producuntur,
408 2657 528 2738 duplice
542 2658 552 2718 i
567 2658 743 2719 scribuntur.
854 2645 859 2653 ⁴

140 2754 252 2834 Neque
266 2754 340 2815 illud
354 2755 430 2816 inter
449 2755 585 2816 licentias
598 2774 745 2829 numeres,
757 2774 824 2816 cum
840 2755 954 2817 Comici
969 2757 1082 2817 slinale
1096 2757 1126 2816 in
1141 2758 1202 2837 syl·

96 2847 171 2913 laba
186 2852 279 2924 brevi,
292 2861 433 2931 sequente
443 2861 542 2913 tamen
556 2863 752 2925 consonante,
767 2871 979 2933 nonnunquam
993 2853 1143 2931 abjiciunt,
1157 2863 1201 2925 ut,

96 2945 196 3020 tristi’,
211 2946 379 3007 famelicu’:
399 2946 545 3027 siquidem
556 2946 634 3007 idem
649 2948 722 3009 facit
734 2948 844 3027 passim
859 2947 1022 3008 Lucretius.
1061 2949 1201 3008 Ceterum

96 3041 183 3122 quod
196 3060 253 3103 nos
272 3040 394 3123 quidam
417 3043 536 3116 docent,
558 3054 589 3105 et
607 3045 638 3103 in
661 3044 776 3124 syllaba
789 3045 879 3124 longa
893 3043 950 3103 hoc
964 3043 1059 3103 solere
1073 3043 1146 3114 fieri,
1170 3053 1201 3103 et

96 3147 247 3217 sequente
267 3137 373 3209 vocali,
395 3147 426 3199 et
449 3149 542 3200 totam
566 3140 653 3201 etiam
678 3138 823 3218 syllabam
843 3157 911 3198 curn
931 3157 946 3196 s
970 3156 1051 3216 saepe
1064 3141 1201 3214 resecari,

96 3235 245 3295 falluntur
259 3244 290 3293 et
309 3233 428 3295 fallunt.
470 3235 516 3308 ln,
538 3235 722 3304 consimilist,
742 3235 874 3314 aptiore
893 3233 1049 3305 nihil,·sed
1073 3236 1122 3308 ab,
1143 3247 1200 3310 est,

96 3328 213 3390 vocalis
229 3339 398 3398 resecatum
420 3340 453 3392 ut
465 3330 507 3404 in,
520 3330 658 3412 palamst,
677 3342 874 3395 necessumst.
915 3330 1099 3392 Multimodis
1120 3333 1200 3414 apud

96 3426 245 3486 Nostrum
260 3445 320 3486 non
334 3425 449 3487 divisim
462 3425 591 3500 effertur,
613 3426 707 3488 multi’
730 3428 846 3498 modis;
873 3427 927 3489 sed
950 3447 1008 3488 uox
1025 3449 1086 3490 una
1098 3440 1145 3491 est
1157 3440 1200 3504 ut,

96 3521 299 3590 omnimodis:
320 3531 351 3582 et
365 3523 517 3585 Lucretius
529 3536 655 3604 utraque
668 3525 767 3585 utitur.

138 3616 224 3686 Quin
237 3625 278 3688 et,
293 3617 343 3676 ubi
356 3618 539 3703 synaloephae
553 3619 715 3694 viscessat,
725 3630 756 3679 et
769 3619 816 3680 uel
828 3617 939 3683 vocalis
953 3621 1100 3700 quaepiam
1110 3620 1157 3680 vel
1170 3640 1200 3679 m

96 3713 206 3773 lirr'ales
222 3732 281 3772 non
296 3712 456 3787 eliduntur,
471 3714 563 3777 altera
575 3716 672 3778 vocali
687 3735 737 3776 eas
752 3716 935 3797 excipienter
958 3735 996 3776 ne
1009 3716 1067 3776 hoc
1081 3714 1200 3794 quidem

96 3809 126 3868 in
141 3808 273 3868 licentiis
285 3828 379 3888 ponas
392 3829 401 3870 r
424 3812 524 3889 qualia
537 3811 595 3872 ista
609 3821 640 3873 et
651 3814 737 3894 plura
756 3813 834 3894 apud
850 3813 991 3872 Nostrum
1005 3831 1012 3870 :
1034 3829 1136 3869 omnes
1150 3809 1201 3888 qul

96 3914 214 3976 amant,
229 3903 321 3964 meet
339 3917 438 3980 estate,
453 3907 490 3968 ne
505 3909 555 3968 ubi
570 3909 742 3990 acceperim,
763 3908 840 3990 quae
861 3916 925 3968 erat
937 3917 1063 3979 mortua,
1082 3923 1141 3964 una
1160 3905 1202 3965 ire

96 4004 167 4060 clim
183 4001 291 4073 amica,
305 4000 375 4069 dum
389 4002 421 4061 id
434 4004 556 4076 efficias,
578 4005 697 4084 quicum
721 4025 780 4065 uno
806 4002 867 4065 rem
886 4001 1040 4062 habebam.
1082 4000 1198 4080 Quippe

96 4111 128 4165 et
137 4097 226 4177 epici,
240 4096 402 4170 Lucretius,
414 4098 565 4178 Virgilius,
581 4100 720 4164 Horatius
730 4100 835 4162 eodem
850 4096 939 4160 modo
953 4096 984 4158 iu
998 4095 1195 4159 hexametris:
