2678 4702
417 360 589 421 uuuuotrr
614 365 697 417 sor.
723 360 774 420 tt.
797 368 850 418 so.
873 371 940 420 vir.
1158 356 1226 424 too

118 514 186 580 Sa.
211 506 345 594 Egon’t·
367 509 586 594 Imperatoris
614 511 769 576 virtutem
789 525 959 590 noveram,
985 513 1110 579 etaim
1136 517 1225 582 mili·

292 635 345 676 m.

117 706 202 781 Sine
228 623 389 799 siiguiuo
414 716 477 780 boo
499 705 575 780 fieri
598 730 665 780 non
686 734 808 800 posse;
831 717 888 800 qui
912 718 1134 801 abstergerem
1150 721 1224 788 rul-

254 838 313 882 ner
350 820 364 882 l

116 921 216 986 Tau.
240 838 408 986 Ubiaaliil
453 920 517 984 Su.
538 919 623 1000 Qui,
638 921 775 999 malum,
788 914 872 986 altit
896 922 991 1011 solus
1015 924 1142 990 Sannio
1155 946 1224 992 ser-

250 1032 310 1089 vat
328 1024 430 1090 domi.
1182 1032 1225 1093 10

116 1129 215 1193 Tira.
238 1127 293 1190 'Pu
315 1127 419 1191 hosce
442 1126 591 1190 instrue:
617 1124 672 1189 hic
694 1145 757 1208 ego
774 1146 829 1191 ero
845 1132 925 1210 post
939 1128 1223 1213 principiarinde

224 1223 227 1227 ’
250 1220 403 1293 omuibus
418 1228 547 1310 signum
563 1227 664 1293 dabo.

113 1445 226 1501 pagiuam
236 1435 344 1500 cogitur?
377 1437 423 1488 Sa.
441 1438 525 1498 Egone
539 1436 674 1499 peniculum
689 1436 716 1486 iu
727 1432 791 1491 'm
801 1444 847 1486 abu
858 1435 961 1499 serrem,
971 1452 1015 1501 uuo
1025 1440 1123 1489 urhun
1133 1440 1223 1490 abster-

114 1502 216 1565 gerem?
233 1519 285 1551 cum
297 1501 450 1566 Imperatoris
459 1503 629 1564 fortitudinem
647 1507 727 1551 uotam
736 1500 855 1563 mem,
867 1502 972 1551 strabus
990 1504 1102 1565 militum,
1120 1520 1162 1554 uto
1173 1507 1224 1554 siae

115 1566 366 1630 sauguinireffuso'ou'e
377 1568 437 1616 hunc
454 1567 595 1615 obsidionem
631 1567 667 1614 eri
681 1570 756 1630 poste.
787 1564 861 1615 Tua.
881 1565 928 1615 Ubi
938 1565 1065 1618 altisone?
1096 1569 1143 1620 SA.
1163 1571 1224 1626 Qut-

115 1648 182 1688 rmm,
194 1633 289 1691 mulum,
301 1637 356 1681 surrt
372 1633 415 1679 isti
426 1632 487 1680 ulii?
509 1631 578 1680 Solus
632 1632 687 1680 nnio
704 1632 778 1690 mest,
789 1630 829 1693 pai
845 1631 947 1680 erutodu't
965 1645 1067 1695 reaquoe
1086 1640 1143 1682 sunt
1153 1635 1225 1688 domi.

115 1699 190 1745 Trea.
211 1698 246 1744 Tu
257 1697 324 1745 bosea
335 1696 426 1745 ordino.
460 1695 641 1760 Hiccgostubu
659 1695 772 1743 iuruedin
790 1698 841 1744 acie
856 1700 910 1759 post
924 1696 1043 1759 principes
1052 1697 1148 1748 milites.
1182 1701 1226 1749 liu

115 1763 164 1810 isto
182 1762 230 1809 loco
241 1761 347 1810 omuibus
356 1760 451 1823 signum
462 1760 521 1809 dabo
532 1760 629 1809 iucundi
640 1759 783 1812 certaminis.
818 1761 876 1810 (lu.
894 1760 965 1810 luat
975 1765 1010 1811 est
1019 1764 1124 1826 peritum
1135 1768 1159 1814 et
1166 1777 1224 1828 pru·

580 1915 641 1936 md
644 1915 766 1935 ΙΝΜΝ

115 2039 179 2103 Bip.
198 2038 262 2094 Quid
272 2038 367 2100 murce.
383 2037 513 2101 peniculon.
539 2037 653 2098 Pugnare
664 2035 716 2099 puis
732 2034 811 2086 istum
828 2036 924 2085 rau-e
941 2035 1052 2088 Quidam
1069 2035 1154 2088 codd.
1166 2052 1224 2088 enm

113 2104 327 2166 interrogationis
338 2104 412 2166 signo
423 2104 479 2152 haee
490 2103 651 2165 exprimunt,
667 2116 731 2165 quos
739 2108 845 2150 secutus
857 2115 922 2149 sunu.
936 2102 1008 2151 Wcst.
1031 2103 1123 2151 Nostri
1135 2117 1223 2153 omues

117 2184 178 2218 eum
193 2168 259 2217 Edd.
271 2175 335 2217 vett.
348 2176 376 2217 et
393 2168 440 2216 Pr.
453 2182 479 2230 p.
492 2171 549 2216 870.
567 2166 645 2228 longe
665 2165 835 2224 numerosius,
850 2181 897 2214 nou
907 2180 975 2229 porse
983 2165 1051 2231 fieri.
1067 2166 1147 2218 Bent.
1179 2166 1224 2219 Sic

114 2234 165 2282 Br.
176 2233 248 2282 Perl.
261 2232 289 2281 S.
301 2248 321 2280 s.
333 2234 477 2295 horueposre
485 2231 564 2297 fierit
579 2233 620 2293 qui
630 2246 652 2278 u.
663 2231 761 2278 uuluam
772 2229 917 2279 Buta-10
934 2231 985 2279 Mu.
996 2231 1035 2280 M.
1051 2231 1121 2294 Llps.
1141 2237 1169 2281 et
1189 2232 1226 2284 G.

116 2312 178 2346 cum
200 2297 278 2346 editis
302 2298 463 2361 quibusdam,
487 2298 589 2344 domum.
626 2294 765 2355 Gruterus,
788 2294 914 2357 Inscript.
935 2310 993 2358 pag.
1013 2300 1071 2346 769.
1093 2297 1225 2347 ‘Domum

115 2360 252 2411 serravit!
287 2363 440 2424 Quanquam
452 2360 478 2409 id
491 2361 577 2424 potius
595 2367 678 2420 notat,
695 2359 797 2407 domum
816 2359 890 2422 prole
907 2359 989 2409 anxit.
1022 2360 1101 2424 Apul.
1113 2361 1225 2411 Metam.

115 2440 158 2474 vr.
175 2424 261 2475 ‘Ante
274 2426 358 2488 ipsum
374 2426 452 2477 limen
472 2431 500 2473 et
519 2431 576 2474 atra
595 2423 661 2472 utria
678 2423 843 2486 Proserpina
863 2429 967 2486 semper
983 2426 1124 2488 excubans,
1137 2433 1226 2476 serrat

113 2501 226 2539 vacuam
249 2490 321 2539 Ditis
344 2488 467 2539 domum!
500 2489 574 2537 Dixit
591 2494 681 2536 autem
701 2487 773 2550 domi,
790 2487 828 2536 nti
846 2488 956 2537 Plautus
975 2487 1068 2550 Amph.
1088 2503 1108 2541 1.
1128 2493 1225 2541 1.1oo.

115 2555 320 2604 Marruuium
338 2559 382 2609 21..
397 2552 479 2604 Ouid.
490 2555 558 2604 Met.
571 2567 590 2603 1.
608 2557 666 2602 625.
700 2552 845 2615 Perperam
866 2553 1000 2603 existimat
1020 2552 1102 2603 Boecl.
1135 2555 1225 2606 Dona·

114 2627 172 2668 tum
197 2619 298 2681 legisse,
323 2621 425 2668 domum.
448 2620 531 2669 West.
577 2617 648 2667 Domi
670 2615 750 2666 Bent.
772 2617 872 2666 edidit:
894 2626 977 2668 reete.
994 2617 1070 2669 Zeus.
1103 2619 1130 2671 J.
1150 2621 1225 2678 Quid.

114 2683 184 2734 GM.
201 2685 302 2734 domum.
318 2685 390 2733 Peri.
424 2684 528 2733 Domum
547 2683 642 2733 Z.·-ll
663 2681 757 2730 lustrate
778 2681 826 2745 bic,
845 2697 889 2744 ego
911 2683 967 2734 ΕΡ.
988 2683 1062 2734 Wert.
1096 2685 1165 2734 Dela
1186 2685 1226 2736 iis

616 2818 722 2870 NOTAE

150 2925 182 2970 1⁰
201 2921 260 2983 Qui,
275 2921 372 2983 mulum,
389 2921 444 2984 alii]
462 2921 595 2972 ‘Melum’
609 2924 648 2972 vi·
686 2932 728 2976 set
745 2934 898 2992 pugnaturn,
914 2942 930 2977 a
946 2929 1030 2992 prima
1046 2931 1102 2981 acie
1120 2930 1153 2982 ad
1164 2933 1222 2982 'l'ri-

115 3011 174 3047 cem
183 2996 373 3059 interjectionis
381 2997 520 3047 irascentis
527 3000 649 3050 sustinet.
689 3002 756 3053 arios
768 3004 892 3066 paulatim
900 3019 927 3053 se
937 3002 1104 3068 referebant;
1121 3022 1224 3074 unoque

150 3078 181 3122 11
201 3073 251 3122 Hie
267 3088 307 3122 ero
323 3078 377 3137 post
393 3073 524 3138 principia]
550 3074 583 3125 Id
598 3083 650 3138 est,
689 3079 790 3142 agmine
809 3076 890 3142 sacto,
906 3080 1028 3144 nullaque
1048 3097 1095 3145 spe
1114 3091 1175 3148 post
1195 3099 1223 3135 se

115 3155 177 3214 post
198 3148 335 3214 Principes
357 3151 384 3198 in
405 3151 471 3201 acie.
505 3151 603 3201 Milites
623 3153 650 3202 in
689 3156 791 3217 relicta,
800 3169 852 3204 una
868 3170 957 3205 omnes
969 3155 996 3206 in
1013 3157 1114 3208 bostem
1133 3173 1225 3222 proee-

116 3226 211 3275 militia
222 3226 338 3275 Romana
347 3226 484 3291 Principes
498 3227 651 3278 dicebantur
691 3229 796 3281 debant.
830 3229 966 3295 Principia
985 3239 1026 3282 est
1036 3233 1112 3283 loeus
1124 3234 1151 3284 iu
1168 3236 1224 3286 acie

114 3302 316 3356 secundaeaciei
332 3302 525 3365 milites,armis
541 3305 651 3355 mraxime
691 3307 844 3372 Principum
855 3309 974 3360 militurn.
1000 3312 1224 3377 Inde,postpri'n·

113 3380 245 3442 insigues:
265 3379 380 3428 itaeuim
392 3380 461 3429 acies
473 3381 543 3444 apud
555 3381 650 3431 ltoma·
692 3384 762 3446 ulpia
786 3397 852 3448 esse,
872 3386 1009 3450 significat,
1029 3388 1056 3436 in
1078 3395 1135 3438 tuto
1157 3402 1230 3452 esse,

115 3471 164 3508 uos
175 3457 364 3519 instruebatur,
376 3463 405 3504 ut
422 3456 499 3519 primi
509 3457 596 3506 hostes
606 3472 651 3521 ag·
691 3460 736 3508 ubi
757 3468 847 3510 noster
866 3462 964 3512 Thraso
988 3478 1017 3513 se
1039 3466 1225 3518 collocaverat.-

114 3533 607 3599 gredereuturmanipuliHastatorum,
618 3551 652 3585 ex
692 3537 827 3602 Principia
838 3539 918 3589 etiam
934 3547 977 3591 ert
993 3542 1066 3593 lucus
1080 3542 1107 3590 in
1123 3538 1226 3605 castris,

114 3609 180 3660 flore
185 3610 313 3673 juvenum
323 3609 520 3673 pubescentium
528 3611 650 3662 collecti:
692 3609 736 3662 nbi
746 3615 846 3665 habitat
858 3617 920 3666 Dua
932 3626 960 3667 et
972 3617 1127 3681 Imperator.
1156 3617 1224 3668 Haeo

114 3686 161 3751 qui
171 3687 193 3734 si
202 3687 303 3735 bostem
314 3687 465 3750 propulsare
475 3702 525 3737 non
534 3695 651 3753 possent,
690 3696 724 3737 ex
737 3691 811 3740 Livio
830 3691 879 3740 sub
894 3691 972 3742 finem
991 3693 1078 3742 octavi
1094 3692 1157 3743 >riori
1171 3694 1224 3756 pri·

116 3780 132 3812 a
160 3763 339 3826 Principibus,
367 3763 412 3828 qui
440 3778 529 3813 omues
554 3767 650 3815 scrutati
690 3780 740 3815 mae
769 3768 895 3818 Decadis.
938 3768 1061 3818 Ceterum
1091 3768 1223 3818 Homerus

114 3845 200 3900 erant,
211 3838 236 3885 iu
252 3838 387 3888 intervalla
403 3838 522 3888 ordinum
539 3839 649 3903 recipie·
690 3841 788 3892 Iliados
809 3858 837 3893 v.
856 3843 947 3892 laudat
965 3844 1131 3909 Diomedem,
1153 3846 1224 3910 quod

116 3916 222 3963 bantur.
255 3914 372 3978 Moxque
386 3914 424 3976 hi,
436 3929 529 3978 nempe
548 3916 649 3965 Princi·
690 3920 757 3969 inter
768 3920 905 3984 Principes
915 3920 999 3984 prima
1010 3921 1066 3970 acie
1078 3929 1222 3985 pugnarem

113 3990 204 4054 pes,iu
215 3997 412 4054 eornm,nempe
422 3989 604 4050 Humerorum,
613 3993 649 4042 lo·
689 3994 757 4045 sicut
766 3996 910 4045 Homerum
922 3995 1038 4047 imitatus
1048 3997 1176 4060 Virgilius
1188 4000 1223 4048 si·

114 4082 177 4118 cnm
203 4067 388 4117 antecedebant
428 4067 533 4139 Hastati
561 4076 649 4119 autem
688 4070 787 4121 militer
805 4071 913 4122 AEneam
937 4072 969 4122 de
991 4071 1222 4124 fortitudinelau·

113 4149 175 4207 post
184 4157 229 4192 eos
239 4143 470 4208 subsequebantur.
501 4142 648 4195 Sia-Priu-
689 4149 754 4198 daus
780 4148 833 4199 ait:
852 4150 906 4199 ‘Se
928 4156 1033 4216 quoque
1056 4150 1222 4218 Principibus

114 4218 218 4282 cipibus
229 4232 333 4284 quicque
344 4234 396 4270 non
406 4222 470 4272 satis
486 4220 600 4273 feliciter
611 4238 649 4276 es·
690 4224 964 4289 permirurmagnorit
975 4223 1102 4278 Achivis?
