2678 4702
390 280 440 327 nu
463 279 604 332 mnrnrs
627 283 790 333 soulers.
1070 270 1136 337 233

35 423 181 484 omnibus
196 421 317 499 syllabis
332 420 481 500 inquibus
497 422 671 501 synaloepha
682 423 730 482 vel
744 423 896 502 ecthlipsis
911 424 1086 503 negligitun
1106 437 1136 486 et

35 534 258 594 nonnunquam
280 517 317 575 iis
340 518 427 576 etiam
451 517 573 596 syllabis
586 536 710 597 quarum
728 519 879 596 quantitas
902 520 1000 579 minus
1017 504 1137 599 cognita

37 623 110 670 est:
133 630 153 671 o
166 611 255 670 etiam
268 611 356 671 finale
369 612 534 684 verborum,
555 623 590 671 ut
602 631 757 692 puerorum
771 612 941 691 praejudicio
959 625 1137 688 occurratur,

38 705 94 784 qui
107 705 282 784 plerumque
294 724 348 785 pro
362 716 496 784 correpto
509 705 616 767 habere
629 706 737 780 solent,
750 726 818 766 oum
831 707 861 765 in
876 706 907 766 id
921 718 1061 769 accentus
1076 729 1138 770 me·

38 800 137 860 tricus
151 800 242 872 eadit,
262 811 389 860 accentu
410 800 501 879 longo
522 802 644 878 notavi:
664 801 714 861 ubi
734 821 805 861 vero
817 801 848 862 in
863 821 935 862 vooe
950 803 1049 882 aliqua
1060 804 1139 867 biom

41 892 171 973 syllabas
185 894 216 955 in
229 912 319 959 unam
339 893 563 966 contrahuntur,
578 895 609 954 id
622 896 714 955 literis
728 896 853 974 margini
868 898 1010 976 appositis
1025 916 1139 978 semper

41 988 177 1048 ostendi.
217 987 265 1047 Ad
285 987 362 1061 haee,
386 1008 454 1048 oum
468 1008 548 1070 soepe
561 992 614 1050 liat
627 1003 661 1050 ut
674 1001 800 1050 metrum
813 1011 866 1051 seu
880 991 990 1052 διποδιο
1003 993 1033 1051 in
1046 992 1139 1072 pedes

40 1082 172 1145 diversis
185 1082 281 1143 modis
294 1083 401 1143 resolvi
414 1085 518 1162 possit,
532 1105 548 1145 e
563 1087 669 1164 quibus
691 1087 741 1146 ille
761 1087 917 1165 eligendus
936 1088 986 1167 qui
1000 1089 1139 1167 legitimae

41 1177 279 1260 pronuntiatIoni
291 1177 410 1237 minime
422 1179 523 1251 officit,
537 1198 735 1259 numerosque
753 1181 872 1241 minime
885 1200 1009 1243 sonoros
1023 1183 1120 1244 reddit
1131 1205 1140 1252 3

42 1271 195 1352 ejusmodi
214 1281 307 1333 metra
320 1272 378 1334 hae
391 1284 463 1333 nota
480 1307 493 1320 ·
511 1275 541 1333 in
555 1275 647 1355 pedes
661 1295 732 1336 suos
747 1276 878 1336 distinxi.
919 1278 999 1336 Nihil
1014 1279 1141 1359 denique

43 1368 190 1429 omissum
204 1377 262 1440 est,
285 1369 366 1448 quod
391 1371 558 1450 excogitare
582 1372 676 1449 potui,
698 1381 732 1432 ut
753 1373 838 1432 metri
851 1373 1142 1434 Terentianiintelli·

44 1464 150 1542 gentio
163 1463 303 1524 facillima
315 1464 497 1537 redderetur,
511 1463 592 1526 etad
608 1468 736 1528 tironum
756 1477 876 1547 captum
892 1488 1012 1547 prorsus
1026 1487 1143 1530 accom-

45 1557 180 1619 modata.
222 1560 299 1618 Cum
310 1579 380 1620 vero
393 1576 496 1621 versus
509 1563 613 1622 comici
636 1563 675 1622 ad
695 1564 782 1623 tibias
803 1573 986 1636 canerentur,
1008 1574 1145 1643 superest

46 1664 81 1714 nt
94 1655 135 1714 de
148 1655 184 1715 iis
197 1674 294 1734 pauca
306 1656 444 1735 quaedam
466 1658 573 1729 dicam,
587 1678 655 1736 qum
669 1659 742 1718 satis
758 1659 818 1718 sint
830 1659 869 1718 ad
883 1658 1078 1739 intelligenda
1090 1659 1144 1720 illa
1199 1710 1203 1717 .

46 1771 117 1828 quoe
131 1749 163 1809 in
174 1751 352 1811 Fabularum
362 1751 466 1811 harum
479 1753 571 1812 titulis
584 1752 740 1814 habentur.

90 1847 140 1904 De
151 1845 198 1905 his
212 1846 298 1905 multi
311 1847 406 1907 multa
419 1857 450 1906 et
461 1849 550 1908 valde
564 1848 695 1917 diversa3
718 1868 786 1927 qum
797 1868 835 1908 ne
848 1864 1001 1910 recensere
1015 1847 1145 1927 quidem,

48 1940 160 2001 nedum
174 1951 310 2001 excutere
323 1941 371 2001 vel
391 1943 482 2001 otium
501 1953 548 2003 est
566 1945 616 2002 vel
636 1944 762 2003 animus.
803 1944 932 2002 Constat
946 1943 1028 2021 apud
1042 1963 1145 2003 omnes

48 2036 151 2117 primis
165 2035 345 2113 temporibus
360 2036 447 2094 tibias
462 2056 499 2095 ex
514 2034 659 2096 arundine
672 2038 782 2104 suisse3
802 2055 868 2095 eam
882 2040 962 2107 vero,
977 2056 1045 2114 qum
1067 2037 1146 2095 radi·

50 2151 117 2193 cem
131 2140 344 2199 antecesserat,
357 2131 441 2191 laevae
456 2130 537 2190 tibiae
562 2130 738 2198 convenirez
760 2149 828 2209 quus
849 2149 1002 2201 cacumen,
1023 2129 1146 2205 dextrae,

51 2224 147 2305 inquit
161 2224 274 2285 Plinius
294 2227 314 2285 l.
331 2243 405 2285 xvr.
428 2244 454 2285 e.
471 2227 521 2285 36.
543 2244 580 2286 ex
601 2225 818 2306 Theophrasto,
836 2224 923 2305 cujus
944 2227 1035 2287 verba
1054 2235 1146 2287 sunt:

51 2325 114 2393 Τὴν
135 2323 190 2400 μὲν
213 2323 279 2401 πρὸς
300 2327 336 2404 τῇ
358 2322 425 2402 ,trip
447 2323 598 2399 ιἰρισκιρίιν
621 2319 705 2392 εἶναι,
728 2327 779 2393 τὴν
792 2320 824 2380 δὲ
837 2322 904 2398 πρὸς
917 2323 980 2381 roris
992 2321 1147 2398 βλακποῦς,

52 2419 166 2491 debris:
186 2437 224 2477 ex
242 2418 290 2476 his
311 2426 410 2477 antem
429 2416 564 2477 dextram
589 2417 751 2496 graviorem
775 2436 880 2477 sonum
894 2416 1024 2477 edidisse
1038 2419 1149 2497 saepius

54 2536 72 2575 a
87 2500 210 2575 Donato
222 2514 333 2574 dietum
350 2524 412 2582 est;
427 2513 509 2593 quod
523 2513 571 2573 isti
584 2514 663 2574 tibiae
682 2515 869 2585 convenisse,
889 2533 958 2593 qum
978 2514 1149 2592 angustiore

55 2620 136 2671 esset
153 2611 306 2683 foramine,
325 2610 456 2670 ostendit
478 2611 521 2669 vir
544 2611 658 2671 clariss.
679 2611 764 2670 lsaao
777 2610 903 2670 Vossius
917 2610 1149 2690 insselegantirsi-

54 2725 104 2766 mo
118 2706 232 2766 Libello
246 2706 284 2766 de
294 2706 414 2766 Viribus
428 2706 570 2785 Rhythmi
583 2727 613 2786 p.
629 2707 698 2767 lll.
712 2704 817 2766 exhor
832 2706 939 2765 AEliani
950 2706 1149 2784 loeo,quie1·

54 2812 100 2862 tat
120 2803 201 2880 apud
214 2802 409 2882 Porphyrium
424 2803 454 2860 in
470 2803 714 2882 Hyponrnematis
728 2802 767 2862 ad
781 2802 961 2863 Harmonice
974 2802 1151 2887 Ptolemrei:

55 2900 119 2958 Eur
140 2898 221 2980 λάβῃ
242 2923 283 2958 τις
304 2897 353 2957 dr'ro
376 2895 489 2968 αὒλοῦς,
512 2906 569 2958 τοῖς
590 2900 645 2979 μὲν
666 2901 785 2978 μήκεσιν
799 2899 961 2968 1ίσονκ,·ιιιῖς
974 2894 1008 2956 δὲ
1020 2896 1150 2974 κῦρῦκηος

56 3007 112 3055 τῶν
124 2998 236 3054 κοιλιῶν
249 2992 438 3075 διαφέροντας,
463 2997 587 3070 καθάπερ
607 2995 726 3074 ἔχουσιν
746 2993 774 3052 oi
792 2987 906 3070 dplym
926 2993 993 3069 πρὸς
1011 2989 1074 3050 τούς
1085 2993 1152 3050 Ἑλ·

56 3092 196 3164 ληνικοὺς,
219 3091 330 3168 εὗρήσει
356 3093 557 3167 παραπλησίως
577 3090 609 3149 τὸ
635 3092 807 3165 οὒρυκοίλιον
834 3088 961 3163 ὀξΰπερον
986 3091 1152 3163 προϊέμενον

56 3192 188 3269 φθόγγον
206 3194 255 3247 τοῦ
277 3191 471 3245 οςενοκοιλίοο.
511 3184 680 3262 Θεοροῦρὲν
700 3189 737 3258 γέ
755 3206 798 3242 τοι
816 3179 1152 3258 ςοῦςΦρνγὶονςοκενοῦς

57 3295 117 3343 ταῖς
131 3289 248 3343 κοιλίαις
270 3283 362 3353 ὄντος,
388 3284 433 3340 rai
455 3284 552 3360 πολλῷ
575 3277 743 3358 βαρυτέροις
765 3280 855 3360 ᾔχονς
866 3275 1083 3355 προβάλλοντος
1096 3289 1153 3340 νῦν

53 3379 241 3452 Ἑλληνικῶν.

100 3476 146 3535 Ea
160 3495 228 3555 qnae
242 3474 280 3536 de
294 3474 386 3535 Tibiis
399 3474 430 3535 in
444 3474 537 3535 titulis
552 3473 634 3536 diota
655 3481 737 3546 sunt,
756 3471 843 3552 juxta
864 3469 1031 3530 fabularum
1050 3468 1154 3530 seriem

58 3569 103 3633 sio
117 3591 155 3634 se
164 3570 293 3631 habent:
1129 3572 1133 3579 ’
1146 3568 1149 3573 ’

222 3728 236 3789 1
581 3714 601 3786 2
955 3730 974 3786 a

849 3821 1064 3899 Actaprimum

98 3920 192 3980 Tibiis
205 3921 325 4000 paribus
480 3918 570 3980 Tibiis
584 3917 700 3999 duobus
819 3917 909 3976 Tibiis
923 3914 1093 3993 imparibus,

60 4017 172 4079 dextris
186 4027 217 4078 et
229 4015 366 4079 sinistris.
528 4013 652 4091 dextris.
783 4012 890 4072 deinde
903 4009 1019 4072 duabus
1033 4007 1157 4074 dextris.
