2678 4702
290 213 357 281 24⁰
627 227 819 277 nicaenus
844 228 1054 279 annuamus

294 370 344 448 qui
359 386 470 439 versus,
491 367 548 427 nisi
562 377 625 428 toto
638 369 776 447 pulmone
789 369 945 442 exhausto,
965 371 1148 448 pronuntiari
1162 380 1234 452 apte
1248 386 1306 433 non
1325 404 1329 425 ι

295 473 383 522 sunt:
405 463 435 520 in
457 461 594 522 trimetris
617 482 686 524 vero
698 464 830 524 clamosa
843 465 908 525 haec
922 467 998 537 πάθη
1010 466 1214 527 increscerent
1226 486 1308 545 prora
1331 498 1333 501 ⁴

294 557 539 617 obmutescerent.

337 652 513 714 Ditrochoeis
526 653 616 733 igitur
630 653 673 714 sic
686 654 874 715 constituitur
886 655 1001 714 iambus
1016 655 1166 715 trimetros
1179 675 1188 716 t

423 771 455 822 lc
470 771 475 836 Ι
488 771 539 822 ribi
549 774 637 837 negoti
652 772 658 839 Ι
670 773 783 825 crtntdtt
793 789 822 824 so
836 773 842 840 Ι
855 775 908 824 lum
918 773 982 826 dari.

423 852 458 901 vi
473 851 479 917 Ι
492 851 653 904 commodnti
666 852 672 918 Ι
685 852 844 905 commodavi
857 852 863 920 Ι
876 854 1020 907 commoda.

296 963 444 1024 lumbicus
458 972 644 1026 tetrametrus
657 966 780 1046 plenus:

360 1075 428 1124 Dum
443 1072 448 1140 Ι
462 1072 675 1137 temporaneam
688 1074 694 1140 Ι
709 1075 761 1126 rem
773 1077 833 1126 tulit
843 1075 890 1126 sivi
904 1074 909 1142 Ι
922 1076 1035 1127 animum
1046 1083 1076 1129 nt
1087 1080 1166 1143 exple
1180 1078 1186 1145 Ι
1201 1079 1243 1130 ret
1254 1095 1331 1131 sunm.

361 1155 396 1204 Vi
440 1153 619 1219 tcommodari
685 1154 865 1220 loommodari
903 1155 1084 1224 lcommodart
1176 1158 1336 1224 {commoda

297 1266 476 1330 Trochaicus
489 1275 675 1329 tetrametrus
689 1268 794 1348 plenus
808 1269 869 1330 sive
883 1272 1081 1344 ἀκατάληκτοε,

297 1375 406 1429 'Adeon’
415 1378 544 1431 hominem
554 1393 610 1430 esse
624 1378 630 1445 Ι
642 1379 807 1430 invenustum
818 1387 863 1431 aut
877 1378 882 1446 Ι
894 1381 1025 1430 infelicem
1041 1379 1046 1446 Ι
1060 1381 1216 1447 quemquam
1229 1390 1260 1434 ut
1271 1397 1336 1447 egos

299 1459 466 1512 commodari
562 1456 570 1526 Ι
582 1453 742 1511 commodavi
755 1458 761 1525 Ι
774 1459 933 1510 commodavi
947 1459 952 1525 Ι
966 1460 1135 1511 commodavi.

298 1572 478 1633 Trochaicus
492 1581 679 1632 tetrametrus
694 1571 808 1650 syllaba
821 1571 973 1644 deficiens,
993 1573 1054 1633 sive
1068 1574 1276 1646 καταληιτικόε,

364 1681 437 1734 Quot
446 1680 528 1731 modis
537 1695 585 1732 oon
599 1679 605 1745 Ι
619 1679 714 1730 temtus
725 1683 842 1745 spretus?
854 1681 860 1748 Ι
874 1682 955 1745 facta,
966 1689 1098 1735 mansueta
1111 1681 1118 1748 Ι
1131 1684 1235 1734 omnia:
1252 1686 1318 1735 hem.

365 1759 533 1810 commodavi
599 1757 777 1824 icommodnvi
852 1762 1033 1826 loommodavi
1111 1762 1277 1827 'commoda

300 1855 507 1917 Pentamotrus
518 1857 731 1931 καταληπικόες
753 1858 803 1936 qui
817 1860 908 1919 semel
921 1859 1063 1918 iterumve
1077 1858 1256 1919 adhibetur:

343 1986 449 2043 (Sinna
470 1987 517 2036 es?
543 1984 727 2050 Domnmltre
747 1998 869 2049 pergam:
895 1984 931 2034 ibi
946 1983 952 2048 Ι
965 1984 1100 2048 plurimum
1122 1991 1171 2034 est.
1205 1983 1336 2057 Revoflct

429 2067 566 2117 hominem.
580 2064 585 2129 Ι
598 2066 645 2116 Sta
655 2065 734 2115 tttico.

366 2143 534 2194 commodavi
546 2142 552 2208 Ι
565 2142 725 2193 commodavi
739 2141 745 2208 Ι
758 2142 919 2194 commodavi
934 2141 939 2209 Ι
952 2143 1113 2194 commodavi
1127 2148 1132 2209 Ι
1146 2144 1293 2195 commoda.

304 2258 339 2315 ln
359 2255 407 2315 his
432 2255 567 2315 omnibus
586 2253 768 2316 commodius
790 2265 847 2326 est,
867 2274 932 2314 meo
949 2255 1073 2333 judicio,
1094 2253 1229 2316 διποδίαν
1251 2266 1339 2336 τροχ’

304 2371 427 2413 caesurae
444 2350 696 2412 accommodatam
717 2360 747 2412 et
767 2370 938 2428 congruam,
958 2371 1047 2428 quam
1062 2351 1200 2428 ἰαμβικὴν
1215 2354 1253 2412 ab
1267 2352 1339 2412 ead

304 2457 428 2517 rantcm,
447 2446 478 2504 in
496 2443 644 2505 metiendo
657 2463 743 2503 versu
758 2445 914 2504 asciscere.

346 2542 487 2619 Superest
499 2550 599 2600 tamen
613 2558 690 2598 unus
703 2540 817 2599 iambici
832 2539 958 2617 generis,
979 2548 1168 2601 tetrametrus
1184 2549 1321 2613 καταληκτ
1336 2576 1339 2589 -

304 2638 409 2714 inquo
422 2632 536 2694 διποδία
549 2643 677 2694 veterum
695 2632 901 2712 magistrorum
924 2633 1040 2710 ἰαμβική
1063 2635 1127 2694 eine
1141 2639 1336 2696 controversia

306 2729 407 2791 nenda
419 2737 485 2797 est;
507 2729 545 2790 ob
568 2728 673 2809 ipsam,
692 2748 711 2788 a
734 2747 795 2806 qua
814 2728 845 2788 in
870 2717 941 2788 aliis'
950 2728 1085 2800 discedit,
1101 2730 1236 2791 Caesurae
1251 2732 1328 2791 conci

306 2836 396 2887 tatem
408 2845 416 2886 ε

436 2937 504 2990 Nam
515 2935 537 2986 si
546 2935 623 2986 remit
637 2933 643 3000 Ι
657 2941 713 2984 tent
724 2933 856 2998 quippiam
871 2931 876 2997 Ι
891 2933 1066 2984 Philumenam
1092 2934 1096 2998 Ι
1111 2935 1223 2987 (inlares.

434 3014 592 3080 Ανδρέςφιλω
636 3013 693 3079 [aar
703 3011 800 3075 δήμοτω
869 3011 1066 3076 lacessimur
1090 3014 1215 3078 Ιεράσται.

435 3098 584 3160 apportem
634 3094 812 3160 ΙΔημόσθενους
867 3091 1005 3158 inciduntur
1087 3094 1203 3160 Ιεγρόψε.

436 3179 470 3227 Vi
481 3177 616 3227 commoda
637 3175 642 3241 Ι
656 3177 690 3237 vi,
700 3175 834 3225 commoda
869 3174 874 3239 Ι
889 3173 1067 3235 vi‚c6mmoda
1091 3175 1095 3240 Ι
1110 3176 1146 3238 vi,
1157 3176 1268 3226 commo.

350 3289 410 3348 Sed
432 3298 464 3348 et
475 3289 506 3348 in
518 3288 565 3347 his
581 3286 693 3347 διποδία
706 3291 837 3366 τροχαῖκὴ
851 3296 967 3366 tempus
982 3285 1099 3362 quidem
1113 3297 1144 3345 et
1157 3290 1288 3366 spatium
1299 3307 1339 3347 ex

312 3394 420 3456 servat,
440 3385 470 3442 in
495 3383 685 3444 incisionibus
700 3392 799 3442 tamen
813 3393 927 3463 peccat.
969 3383 1104 3442 Ceterum
1121 3395 1217 3442 utram
1231 3385 1301 3443 velit
1312 3403 1334 3441 rr

310 3501 378 3542 nem
392 3481 484 3540 lector
498 3492 655 3559 sequatur:
677 3489 816 3540 accentus
835 3478 866 3538 in
885 3487 995 3536 nostrae
1009 3476 1147 3536 editionis
1161 3488 1244 3537 textu
1261 3480 1334 3537 amb

311 3597 396 3658 seque
408 3577 604 3638 conveniunt:
626 3587 657 3637 at
677 3577 708 3635 in
729 3593 841 3653 nupera
863 3573 1001 3651 quadam,
1023 3573 1152 3632 universi
1173 3573 1262 3651 hujus
1278 3593 1339 3652 gen

311 3693 436 3753 quorum
456 3673 561 3754 ingens
575 3675 660 3753 copia
673 3682 729 3746 est,
748 3689 850 3732 versus
865 3687 955 3748 prava
969 3689 1092 3728 caesurae
1108 3668 1297 3729 distinctione
1311 3669 1322 3746 j

311 3772 428 3831 lentur:

433 3880 620 3940 Concurrunt
631 3878 693 3938 laeti
706 3879 745 3938 mi
757 3880 872 3939 obviam
886 3899 943 3958 cup
959 3879 966 3959 Ι
984 3878 1105 3957 pediarii
1119 3897 1232 3948 omnes,

433 3976 552 4049 Octauii,
565 3974 646 4049 lanii,
657 3975 755 4053 coqui,
767 3976 811 4035 sar
828 3975 833 4055 Ι
850 3984 940 4047 tores,
953 3976 1125 4053 piscatores.
