2678 4702
193 308 257 377 tos
562 318 596 369 r:
617 317 800 367 rensuum
825 317 917 367 aeni

192 462 269 547 Ego
283 461 459 529 homuncio
471 460 536 526 hoo
551 480 618 525 non
633 459 802 526 fuceremi
819 477 883 542 ego
896 455 979 550 iliud
996 476 1077 521 vero
1092 457 1145 523 ita
1157 457 1235 536 fedi,
1249 477 1285 524 uo

192 667 285 740 Dum
300 566 520 729 hfflgoum
534 667 666 746 reputo,
682 662 862 727 arcessitur
876 661 1027 725 lavatum
1042 660 1177 725 interea
1186 662 1284 742 uirgo:

192 767 238 844 It,
252 767 346 842 lavit,
360 765 462 830 redit:
480 763 601 828 deiude
614 782 689 828 enm
705 763 881 827 inlautum
896 763 963 825 illae
978 761 1168 826 collocant.
1248 763 1285 826 ti

192 869 253 935 Sto
268 875 466 952 expectans,
480 866 606 950 siquid
621 867 701 930 mihi
712 867 886 950 imperent.
914 862 1019 929 Venit
1030 882 1121 928 una:
1137 862 1234 927 Heus
1245 869 1283 939 tu,

321 971 441 1052 iuquit,
457 969 560 1046 Dore,

191 1149 332 1210 remorae.
365 1150 443 1200 nrm
454 1148 580 1209 mosem,
591 1149 700 1223 ,osmi
710 1162 753 1214 qo
768 1133 917 1197 niumm
934 1162 981 1196 aas
997 1148 1081 1197 caess
1092 1149 1219 1208 facerent
1241 1148 1284 1209 up

191 1229 246 1263 aero
256 1215 327 1263 idem
334 1214 359 1262 io
369 1215 411 1263 ioc
421 1220 444 1262 et
455 1213 552 1262 tidenter
562 1213 670 1261 imitetur
680 1226 738 1261 rem.
771 1214 838 1261 Dum
847 1212 897 1260 iae
915 1225 958 1272 ego
969 1213 1032 1274 opud
1049 1226 1088 1260 me
1104 1212 1194 1274 cogito,
1204 1218 1283 1261 muru

191 1278 260 1339 virgo
270 1280 301 1327 od
312 1278 417 1327 inimum
427 1279 523 1326 interim
529 1294 538 1334 ,·
555 1279 584 1336 it,
600 1277 669 1336 huit,
680 1277 756 1325 redit:
771 1277 855 1325 deinde
865 1277 931 1324 mam
940 1277 1035 1325 osessioe
1045 1277 1074 1325 in
1090 1278 1152 1325 lecto
1166 1279 1283 1340 pnsum·

193 1342 240 1392 Sto
250 1349 383 1406 emotum,
401 1343 493 1406 siquod
509 1341 568 1390 miii
582 1344 639 1391 dest
654 1342 789 1402 negotium:
811 1341 875 1389 uenit
886 1355 934 1389 uso
950 1356 981 1390 ex
991 1340 1044 1389 eis:
1067 1341 1142 1390 Heres
1158 1347 1196 1398 tu,
1212 1339 1283 1404 inquit,

652 1463 832 1487 MNO

192 1542 276 1584 muto.
315 1534 414 1582 Tamen
436 1532 494 1582 vide
517 1547 601 1583 annon
621 1533 763 1597 elegantius
786 1535 824 1583 sio
846 1532 972 1592 dedisset,
994 1537 1057 1582 nutu
1078 1532 1195 1583 conam.
1218 1533 1283 1583 Beut.

196 1598 315 1652 Bentleio
333 1599 415 1661 magis
434 1599 522 1659 piacet
540 1603 609 1646 suin.
654 1598 707 1647 Sed
726 1598 819 1648 sordue
843 1597 996 1658 capiendum
1022 1611 1071 1656 pro
1092 1595 1284 1647 tonitrunm).

193 1666 259 1710 -tt
284 1664 356 1711 Pace
378 1662 539 1711 eruditorum
561 1662 681 1721 dixerim,
696 1660 726 1710 ri
751 1662 787 1711 ito
810 1661 872 1709 mihi
895 1659 977 1708 videri
996 1660 1081 1708 otiose
1103 1659 1236 1723 παρέλκειν,
1250 1673 1284 1707 ne·

194 1740 245 1790 que
273 1726 376 1780 habere,
393 1741 443 1788 qno
470 1725 608 1776 referatur.
654 1726 747 1789 Neque
766 1727 841 1775 aiiter
859 1723 998 1773 ediderunt
1017 1722 1102 1772 Aldus
1122 1735 1151 1774 et
1168 1725 1284 1774 Heinsius.

193 1791 260 1840 mss.
278 1790 387 1838 variant.
416 1790 489 1837 West.
533 1791 653 1837 Testatur
675 1790 706 1839 P.
729 1789 861 1838 Victorius
884 1789 915 1836 ad
938 1788 994 1837 Cic.
1023 1788 1098 1837 Fam.
1121 1800 1163 1838 ru.
1191 1794 1213 1838 i.
1243 1787 1285 1835 At·

192 1852 1199 1977 inmittiteisitius¹‘eutimimstistinet
1212 1852 1245 1965 ἰἒξ
1259 1861 1286 1963 ‘i

194 1981 280 2032 Faber
302 1981 375 2029 vidit.
417 1981 502 2030 Faber
517 1981 554 2030 ito
572 1980 683 2040 sociam.-
710 1981 749 2029 vir
761 1952 888 2036 eruditus,
909 1981 945 2028 ito
958 1979 1079 2039 fecerim:
1098 1952 1195 2030 ner’rter
1212 1986 1287 2028 tamen

195 2047 244 2096 etis
256 2045 297 2094 hie
307 2044 400 2094 urende
411 2045 581 2093 subodoratus
589 2055 640 2094 est.
673 2045 739 2095 Illud
754 2045 791 2094 itu
800 2045 918 2105 fecerim:
934 2044 993 2094 Quo
1004 2057 1095 2106 quaeso
1114 2047 1231 2107 pertinet
1239 2037 1287 2092 itui

195 2124 239 2170 au,
251 2116 280 2158 ut
297 2123 344 2173 per
355 2109 455 2171 tegulas
466 2107 592 2158 deflueret
602 2108 675 2160 ioris
686 2111 805 2172 exempto
816 2110 826 2157 i
858 2104 996 2170 Nimirum,
1007 2107 1052 2156 ubi
1089 2109 1185 2158 rimum
1198 2107 1286 2170 seeiiu

195 2179 297 2224 testum
319 2174 435 2236 irrepsit,
453 2173 490 2221 ita
507 2173 532 2221 in
553 2187 639 2221 versus
659 2173 801 2222 subsidium
821 2172 991 2232 addidernut;
1009 2187 1062 2234 quo
1098 2181 1186 2228 tamen
1203 2187 1219 2223 a
1237 2171 1288 2221 Pet.

196 2237 281 2287 abest.
315 2238 368 2286 Sex
389 2250 421 2284 ex
438 2237 533 2285 nostris
549 2236 654 2285 codices
674 2251 718 2298 ego
731 2252 785 2285 eero
804 2237 873 2298 idud,
882 2251 931 2290 non
940 2250 984 2298 ego
998 2237 1059 2285 mun
1074 2252 1143 2287 nero.
1178 2239 1286 2301 Repono:

197 2303 252 2362 Ego
267 2301 389 2349 homuncio
405 2300 447 2348 soc
461 2315 507 2348 oon
524 2298 648 2361 fecerim?
671 2315 714 2362 ego
727 2315 781 2350 nero
796 2302 855 2350 iliud
865 2300 966 2359 fecerim
985 2315 1013 2348 uc
1027 2301 1120 2350 lubens.
1136 2303 1214 2350 Bent.
1245 2298 1289 2349 lue

195 2379 284 2414 versus
301 2372 341 2413 est
362 2363 496 2413 verissima
522 2365 635 2413 Bentleii
657 2365 836 2414 emendatione
858 2363 992 2427 legendus.
1010 2365 1044 2413 R.
1065 2365 1105 2413 D.
1142 2365 1207 2429 Arg.
1225 2371 1288 2413 vetus

195 2429 260 2493 legit
270 2444 312 2489 ego
323 2444 377 2478 oero
387 2428 413 2476 id
425 2429 458 2476 ito
470 2443 478 2484 e
497 2429 564 2477 uude
576 2428 738 2491 suspicamur
749 2431 774 2477 td
790 2430 826 2477 ito
838 2435 923 2477 ortum
934 2442 990 2476 esse
1002 2443 1035 2475 ex
1047 2428 1106 2476 iiiut
1118 2445 1127 2477 t
1145 2431 1184 2477 sic
1203 2428 1288 2478 seribe-

199 2494 263 2543 bnnt
281 2491 382 2541 ‘iliud'
415 2493 524 2540 Vulneri
542 2495 610 2541 nuaia
629 2493 738 2555 imponit
756 2508 824 2542 nova
841 2492 986 2542 Bentleius.
1028 2492 1085 2540 Nos
1109 2492 1176 2541 iilud
1194 2493 1289 2553 soterem

195 2571 247 2605 non
264 2564 412 2605 tentamus:
431 2556 475 2603 sed
495 2557 598 2616 profeci
615 2572 643 2604 oe
662 2558 769 2618 legimus
781 2556 873 2616 faxim.
890 2557 951 2618 Bip.
972 2571 1031 2619 quae
1049 2556 1097 2604 dat
1115 2572 1159 2618 ego
1176 2557 1289 2606 oeroitisd

190 2620 273 2680 susim
290 2620 377 2668 ludens.
412 2619 464 2666 Dat
483 2619 591 2667 Botlrius
611 2621 654 2668 troc
673 2636 719 2669 noo
736 2620 840 2682 faxim?
856 2636 898 2681 ego
920 2621 979 2668 illud
997 2635 1054 2668 vero
1072 2621 1135 2670 dem
1144 2621 1206 2682 feei,
1221 2636 1247 2669 uo
1260 2621 1289 2668 ie·

195 2683 258 2732 iens.
278 2683 326 2731 Ed.
339 2681 434 2744 Delph.
446 2697 489 2744 ego
499 2697 552 2731 vero
564 2684 621 2730 iliud
626 2684 686 2743 feei.
722 2686 781 2734 Non
798 2691 882 2734 mutat
893 2685 964 2733 Peri.
981 2685 1031 2732 uisi
1052 2685 1125 2747 quod
1145 2685 1192 2734 dat
1201 2684 1290 2745 fecerim

196 2761 244 2811 pro
254 2745 380 2805 facerem
396 2753 483 2795 monet
499 2745 588 2795 Gueti.
603 2752 626 2797 1.
644 2752 669 2796 3.
691 2748 780 2811 legere
794 2750 909 2810 facerem,
927 2757 955 2798 et
970 2752 994 2796 2.
1014 2748 1160 2798 istud-tt
1178 2749 1290 2799 interserit

190 2810 286 2875 Guetf,
299 2816 322 2860 l.
355 2812 491 2860 accersitur
507 2812 553 2860 Br.
568 2813 711 2862 Bene-to
733 2814 835 2873 Deinde,
850 2816 891 2876 ite.
910 2812 947 2861 ita
967 2812 1037 2861 edidi
1048 2813 1082 2861 ob
1096 2821 1218 2878 metrum,
1228 2826 1290 2862 aoee·

196 2874 276 2926 dente
294 2877 450 2925 anctoritate
467 2876 573 2935 Donati,
585 2883 613 2926 et
629 2877 789 2939 quorundam
806 2879 871 2927 Mas.
888 2884 917 2924 et
938 2875 994 2926 ΕΡ.
1029 2877 1189 2940 Quanquam
1200 2875 1289 2926 miruiu

195 2940 236 2989 hia
248 2940 333 2989 verbis
351 2941 463 2989 varietus
481 2940 625 2990 Librorum.
658 2941 725 2990 Sunt
735 2942 777 3004 qui
794 2942 819 2990 iu
837 2941 896 2990 ieeto
907 2941 1021 3000 habent;
1039 2949 1102 2990 sunt
1124 2943 1197 3003 item,
1216 2941 1255 3006 qui
1268 2939 1290 2986 is

195 3004 287 3053 ieetoio.
321 3005 352 3052 ln
364 3004 516 3067 quibusdam
536 3011 577 3053 est
597 3007 747 3055 eotloearuot.
763 3007 846 3054 West.
880 3003 1000 3055 Gifauius
1018 3005 1044 3052 in
1065 3003 1129 3054 Iud.
1157 3008 1290 3057 Lucreti.

197 3069 238 3129 Iu,
250 3075 338 3117 tuetur
355 3069 381 3116 iu
395 3069 453 3118 lecto
471 3071 592 3118 collocent.
626 3070 661 3117 Et
672 3071 697 3117 in
709 3068 745 3126 (t.
763 3077 792 3118 et
810 3070 864 3118 ΕΤ.
881 3076 921 3118 est
942 3069 1038 3117 Deinde
1057 3083 1113 3117 enm
1132 3069 1159 3119 in
1179 3072 1236 3120 teoto
1251 3068 1290 3116 ida

195 3135 318 3182 miscunt.
351 3133 391 3181 ld.
399 3135 424 3181 in
437 3132 504 3182 Add.
524 3132 560 3184 0.
573 3135 590 3181 i.
603 3147 622 3180 s.
634 3139 662 3182 et
678 3134 727 3182 Do.
740 3148 787 3196 pro
797 3134 873 3194 iilum,
883 3147 935 3182 eom
949 3133 1063 3182 hubent:
1082 3134 1147 3182 libri
1160 3148 1221 3183 vero
1235 3130 1290 3182 anti·

195 3198 241 3260 qui
254 3211 341 3244 omnes
351 3194 416 3254 fere,
428 3205 455 3246 et
467 3211 524 3245 eum
536 3197 568 3245 iis
580 3197 629 3245 Do.
641 3199 790 3246 collocarunt.
825 3199 890 3246 Sunt
907 3203 935 3246 et
952 3196 1050 3260 aliquot
1066 3196 1141 3259 iibri,
1152 3199 1223 3247 inter
1237 3209 1290 3262 quos

196 3262 230 3310 V.
243 3267 271 3310 et
284 3262 335 3309 duo
346 3262 389 3309 aiii
401 3261 512 3324 antiqui,
523 3262 566 3326 qni
578 3263 603 3310 ire
622 3263 707 3310 lectum
723 3262 829 3318 habent,
841 3268 868 3310 et
887 3276 945 3310 oum
963 3261 994 3308 iis
1010 3261 1150 3323 Donatus3
1168 3264 1241 3312 Bem.
1253 3273 1291 3323 pro

196 3325 256 3373 ieeto
273 3327 329 3388 iitoe,
342 3327 425 3374 lectulo
436 3325 528 3374 habet:
541 3341 592 3389 quo
604 3333 691 3374 tamen
705 3326 780 3374 modo
791 3339 842 3372 non
855 3333 942 3387 potest
954 3339 1044 3373 versus
1055 3327 1214 3388 procedere.
1246 3322 1291 3387 Not

196 3389 1092 3515 titii&tetii'sternitistt‘tttttttettttitii
1105 3390 1292 3518 tiittttt't

196 3515 308 3565 lectione
320 3516 498 3566 discedamus:
517 3518 553 3579 lt,
564 3519 632 3580 lusit,
644 3519 717 3579 redit,
727 3518 810 3566 deinde
827 3531 879 3566 enm
894 3517 919 3564 in
930 3519 1015 3566 tectum
1026 3489 1240 3570 iltoe’coiioeurunt.
1255 3518 1293 3565 Fa.

198 3579 283 3630 Recte
300 3580 374 3630 haee:
398 3581 445 3629 nisi
463 3581 530 3644 quoii
552 3597 653 3630 versum
673 3583 738 3631 ruaie
758 3581 1013 3645 disponiqnotante
1034 3583 1117 3630 etiam
1130 3585 1187 3633 uiro
1208 3583 1290 3634 docto:

197 3646 266 3707 virgo
279 3661 287 3694 ε
299 3647 329 3708 it,
341 3645 423 3704 Lusit,
435 3643 506 3704 redit,
516 3646 598 3695 deinde
614 3661 673 3695 eom.
709 3648 786 3707 Lege,
799 3653 828 3694 ut
844 3645 923 3696 nostri
934 3645 978 3708 qni
991 3649 1153 3696 vetustiores
1165 3654 1226 3697 sunt
1240 3645 1291 3696 seri·

199 3709 273 3770 bunt,
281 3711 327 3772 Iit,
338 3724 388 3758 una
400 3717 485 3758 tamen
495 3710 609 3772 syllaba:
626 3711 671 3773 iit,
683 3711 751 3771 insit,
759 3710 832 3759 rediit
838 3726 848 3768 ,·
859 3710 941 3760 deiude
950 3724 1001 3757 eom
1012 3709 1039 3757 in
1050 3711 1139 3760 lectum
1150 3711 1290 3765 iltoeeoiioee·

197 3779 264 3823 runt.
282 3775 359 3823 Bent.
392 3774 507 3835 lit,luoit
525 3774 557 3822 R.
574 3775 647 3824 Lind.
681 3777 742 3823 Eum
752 3775 841 3822 meiius
875 3789 933 3822 uam
952 3775 1027 3822 ilium
1046 3774 1110 3837 Bip.
1145 3776 1182 3824 Ite
1194 3785 1220 3824 et
1231 3773 1290 3822 rediit

200 3838 245 3886 Br.
259 3839 337 3889 Both.
354 3839 452 3904 quidet
463 3839 489 3887 in
499 3840 583 3887 lection
593 3853 652 3888 enm.
687 3841 837 3888 collocarunt
849 3789 882 3888 Ξ.
895 3839 955 3901 Bip.
973 3839 1123 3888 Boiu—to
1140 3839 1252 3903 Spectant
1259 3835 1288 3886 tt·

695 3942 805 3995 NOTAE

232 4042 263 4088 to
283 4039 311 4088 io
322 4041 406 4090 lectum
416 4038 541 4101 cotiaeum]
558 4039 689 4089 Abalneis
700 4039 727 4089 iu
768 4055 797 4090 se
808 4038 946 4091 reficerent
957 4039 1141 4094 alassitudiue
1149 4042 1278 4094 etsudore.

200 4113 297 4165 lectum
324 4130 352 4164 se
376 4116 493 4181 recipere
515 4116 676 4182 monuerat,
696 4123 728 4168 ut
