2678 4702
365 313 537 365 nunnoni
561 315 643 364 scr.
668 311 723 367 ιιι.
745 315 799 367 sc«
821 317 876 367 ιιι.
1104 305 1169 369 452

70 454 220 534 Mecum,
236 457 316 521 mihi
328 473 407 522 sese
422 457 511 537 dare,
527 477 709 523 sermonem
725 477 887 540 quaerere.
1125 461 1169 536 lo

70 557 140 622 Ubi
155 559 266 640 friget,
280 559 346 623 huc
362 560 473 624 evasit
484 579 610 642 ;.quam
626 560 757 642 pridem
769 568 867 648 puter

70 656 159 724 Mihi
173 667 206 725 et
218 666 325 724 mater
338 662 463 726 mortui
478 667 608 727 essent:
622 662 712 739 dico,
722 662 795 746 jam
810 663 878 728 diu.
950 698 955 704 ·

68 757 145 823 Rus
160 761 255 826 Sunii
268 763 402 844 ecquod
416 763 585 840 haberem,
601 770 637 827 et
650 783 752 846 quarn
766 764 866 845 longe
882 783 903 828 a
918 766 1029 829 merit
1118 824 1121 830 .

67 859 181 926 Credo
196 863 227 926 ei
241 863 376 944 plaeere
391 862 476 928 boc:
493 868 604 945 sperat
619 884 656 927 se
671 884 692 928 e
705 884 757 928 me
772 865 929 931 evellere.

67 962 256 1039 Postremo,
269 982 377 1046 ecque
390 964 469 1028 inde
482 983 587 1046 parva
602 965 752 1047 perisset
766 968 885 1031 sorori

65 1062 195 1146 Ecquis
211 1083 287 1128 cum
302 1085 343 1129 en
356 1065 447 1130 unat
461 1065 542 1148 quid
558 1066 742 1145 habuisset,
757 1087 831 1132 cum
842 1069 953 1152 periti

65 1163 195 1247 Ecquis
211 1184 284 1229 cum
299 1174 418 1249 posset
430 1168 592 1231 nosceret
638 1167 726 1232 Haec
743 1188 801 1233 cur
815 1170 991 1253 queeritett

64 1265 145 1329 Nisi
160 1268 190 1330 si
206 1267 266 1329 illa
279 1267 376 1344 sorte,
391 1286 469 1349 quse
485 1267 564 1330 olim
579 1267 680 1350 periit
695 1271 836 1351 parvule

63 1364 181 1444 Soror,
195 1367 281 1431 banc
296 1387 334 1432 se
348 1367 488 1431 intendit
500 1386 589 1445 esse,
604 1374 641 1432 ut
656 1377 709 1434 est
724 1371 880 1439 audacia.

61 1464 192 1530 Verum
206 1487 247 1531 ca
261 1469 290 1531 si
304 1469 399 1548 vivit,
414 1488 517 1533 anuos
532 1474 613 1533 nate
627 1468 668 1534 'st
682 1472 838 1552 sedecim,
1121 1478 1164 1542 20

59 1662 83 1708 et
90 1662 265 1727 consuetudine,
274 1665 381 1729 lmuendi
390 1662 513 1715 materiam
523 1669 623 1728 captore.
661 1664 708 1717 Ubi
718 1681 792 1716 sermo
806 1666 900 1729 defecit,
910 1671 955 1719 nuc
972 1667 1014 1720 iiie
1023 1670 1124 1731 deuenit,
1136 1675 1164 1721 ui

57 1723 218 1786 interrogaret
234 1731 389 1790 quamdudum
404 1734 474 1793 puter
483 1735 506 1777 et
516 1733 593 1778 muter
602 1745 615 1777 e
626 1730 676 1780 ritu
694 1733 858 1782 decessissent:
874 1735 997 1798 respondeo
1010 1736 1062 1794 jam
1072 1737 1114 1785 din
1124 1749 1163 1785 eos

57 1789 192 1864 decessisse.
210 1792 307 1854 Ecquid
317 1793 388 1842 Sunii
395 1793 512 1855 predium
517 1792 576 1841 mibi
585 1793 627 1857 sit,
634 1799 658 1842 et
665 1811 735 1859 quem
744 1799 813 1857 longe
823 1799 914 1847 distans
924 1816 940 1848 c
950 1801 1019 1848 meri.
1054 1800 1165 1863 Suspicor

55 1865 100 1900 rus
111 1854 172 1900 rtiud
181 1855 314 1905 deiedubile
329 1861 354 1904 et
364 1869 477 1904 smoenum
486 1859 509 1902 ei
519 1857 610 1900 videm:
620 1862 689 1916 spem
698 1861 776 1914 nume,
787 1862 812 1902 td
822 1877 839 1904 u
849 1877 885 1905 mo
902 1863 928 1908 in
944 1878 969 1911 se
987 1867 1163 1914 translaturum.

56 1916 185 1992 Postremo
191 1926 271 1981 regat,
279 1917 586 1984 ecqmqnposteopureuidm
594 1919 869 1993 sororemperdidrsserm
881 1935 936 1995 nem
942 1921 1027 1984 udiqdis
1034 1925 1105 1972 simui
1112 1937 1164 1976 curn

54 1982 920 2106 distenditis}rtttdttdttdrddt
934 1991 1164 2108 destitit

53 2109 116 2157 uelit
124 2124 176 2159 sese
185 2125 234 2161 em
243 2128 345 2162 sororem
354 2114 419 2161 dmm
426 2126 500 2161 ereum
507 2125 558 2172 que
566 2109 622 2157 oiim
629 2112 728 2171 paruulo
732 2111 815 2175 periit,
822 2116 849 2159 nt
858 2117 893 2160 est
901 2114 1000 2162 arducio
1006 2115 1161 2162 meretricum.

53 2173 145 2238 Atqui,
156 2174 178 2223 si
187 2177 262 2226 dine
272 2177 299 2227 in
309 2178 370 2227 nivis
381 2183 417 2229 est
426 2190 501 2239 soror,
511 2174 628 2224 sexdecim
636 2189 750 2225 annuum
759 2180 804 2238 est,
815 2191 860 2226 nors
870 2176 984 2244 emplius.-
1003 2179 1075 2227 Ticis
1090 2182 1162 2230 etde

521 2320 632 2344 ΟΗΟΜΟ
636 2321 701 2343 ΜΝ

50 2420 68 2465 9
86 2413 248 2474 Aecnmbsbut
259 2415 312 2467 Ms.
323 2415 393 2478 Lips.
416 2416 557 2467 Μαι-10
574 2418 681 2480 Mihique
691 2417 802 2465 Be-le
820 2413 875 2463 Diu
889 2429 984 2464 rursum
1001 2412 1089 2464 Guelf.
1100 2419 1160 2465 s.-

51 2483 86 2529 1³
107 2479 162 2528 bis.
183 2481 251 2542 bins.
269 2480 375 2532 debeam.
409 2481 484 2530 Idem
502 2488 530 2530 et
545 2482 571 2529 in
589 2482 646 2531 aliis
664 2479 750 2530 Libris
763 2487 813 2529 est.
834 2478 911 2529 West.
945 2479 1041 2541 Ecqnod
1050 2478 1160 2544 bomem]

52 2543 130 2592 Libri
137 2544 240 2608 'antiqui
251 2543 308 2593 fere
319 2559 417 2607 ornnes,
427 2551 451 2594 et
465 2548 525 2607 quud
539 2544 662 2594 inberem:
679 2544 748 2608 qnod
760 2542 841 2604 magis
852 2555 1011 2606 consequens
1022 2550 1050 2591 et
1062 2557 1162 2605 praece-

51 2607 178 2656 dentibus
189 2615 216 2656 et
226 2609 391 2670 sequentibus
404 2608 487 2656 verbis
499 2615 547 2656 est.
565 2609 611 2656 Fe.
643 2607 725 2670 Atqui
742 2605 806 2654 iliud
818 2605 926 2656 iuberem
937 2621 952 2654 a
963 2607 1160 2658 Correctosibus

51 2678 114 2721 ests
132 2671 216 2721 nostri
228 2673 340 2720 universi
355 2671 470 2729 debeam
486 2678 514 2720 et
532 2679 613 2721 recte.
645 2671 729 2720 Porro
746 2668 832 2731 Sunio,
851 2684 901 2718 nou
919 2668 1004 2729 Suniis
1021 2686 1072 2720 non
1090 2673 1160 2725 enim
1193 2713 1194 2717 ,

50 2734 183 2799 oppidum
196 2735 237 2784 bic
248 2735 294 2784 sed
306 2735 437 2798 regionem
449 2740 533 2785 notet.
546 2736 623 2784 Bent-
648 2736 745 2798 Ecqnod
755 2735 801 2782 Bs.
811 2735 857 2783 sed
869 2737 1009 2784 secundum
1021 2736 1159 2788 lectionem

51 2800 123 2848 edit.
134 2799 217 2862 ecquid
228 2799 371 2862 interrogat
387 2799 473 2848 Their.
490 2799 580 2849 Bruns.
613 2798 724 2847 Botbius
743 2798 847 2846 omniuo
864 2799 1069 2861 sequiturBeut.
1104 2800 1159 2850 He·

50 2863 123 2914 deum
141 2863 188 2912 Br.
208 2864 278 2913 Peri.
310 2864 403 2926 Ecquid
422 2864 518 2913 Ζ.-14
535 2863 567 2912 Se
584 2877 652 2926 posse
668 2877 729 2911 nme
741 2862 779 2909 Μ.
801 2863 879 2911 West.
911 2863 999 2923 Sperat
1012 2877 1037 2911 se
1050 2869 1160 2925 postero

52 2942 93 2979 ure
107 2926 167 2976 Vet.
179 2927 244 2978 (lod.
261 2927 335 2977 Lind.
369 2928 402 2977 Se
417 2941 482 2990 posse
494 2925 585 2977 coeit.
602 2930 626 2975 l.
641 2930 665 2976 8.
699 2926 798 2988 Pungit
808 2926 855 2974 Br.
873 2931 934 2988 post
949 2925 957 2953 ‘
970 2926 1092 2989 placere,'
1106 2941 1160 2983 non

52 2997 120 3055 post
136 2989 291 3040 ‘boel—ld
305 2993 342 3042 M.
352 2999 381 3041 et
392 2994 445 3040 ΕΤ.
456 2992 506 3039 irae
516 3007 562 3054 qus
577 2993 604 3039 in
618 2991 665 3048 die,
681 2995 814 3054 corruente,
825 2996 855 3038 ut
865 2989 977 3038 videtur.
993 2990 1069 3041 West.
1096 2992 1160 3048 Pere

52 3056 125 3106 iisset
136 3055 181 3104 Br·
193 3054 224 3106 Ζ.
235 3056 314 3106 Bent.
326 3057 403 3105 Both.
415 3056 553 3105 Peri-lb
570 3056 651 3119 Lege,
670 3062 700 3104 ut
720 3063 818 3114 cetera,
837 3053 920 3120 ecquid
937 3053 1063 3105 muner.
1081 3054 1160 3109 Beut.

53 3121 207 3184 Sequuntur
225 3120 286 3183 Bip.
298 3121 377 3170 Both.
387 3121 460 3171 Peri.
472 3120 515 3183 qui
528 3119 574 3168 det
591 3119 681 3183 periit:
698 3117 731 3167 de
741 3132 793 3182 qna
803 3119 946 3167 mutatione
958 3124 985 3167 et
996 3118 1090 3167 tutibus
1101 3117 1159 3170 fere

54 3184 172 3234 silemus.
208 3183 277 3240 Quod
291 3184 408 3233 brisim
419 3185 530 3247 comperit
541 3183 632 3235 1.-17
650 3184 710 3232 Nou
722 3183 864 3245 interrogat
874 3183 920 3231 Br.
932 3182 964 3230 nd
977 3181 1069 3231 tinem:
1086 3190 1114 3232 et
1125 3184 1159 3234 nd

55 3262 151 3299 rocem
162 3249 170 3276 ‘
182 3247 320 3312 queritet'
337 3249 424 3310 glossa
435 3249 460 3296 iu
478 3263 509 3298 eo
521 3249 577 3297 cod.
591 3247 670 3296 hebet
683 3245 804 3296 ‘uesciol
827 3245 883 3293 ‘Vi
900 3246 974 3309 hujus
991 3246 1102 3310 glossue‚'
1121 3249 1160 3299 sit

54 3312 155 3370 Brnus,
179 3314 302 3375 ‘signum
322 3313 447 3373 interrog.
466 3312 494 3361 in
513 3313 566 3360 Ms.
587 3307 744 3360 deest.'-18
762 3309 820 3362 Nisi
835 3311 879 3360 iiio
896 3310 930 3361 G.
950 3316 978 3359 et
997 3311 1059 3362 EM.
1083 3311 1160 3364 Wur.

56 3376 120 3426 Nisi
130 3377 252 3436 illusorie.
286 3378 361 3426 Benr.
379 3377 437 3426 Nisi
453 3377 474 3424 ri
490 3375 618 3434 idusorte.
636 3377 683 3426 Fa.
714 3376 758 3424 Sic
770 3383 797 3424 et
808 3375 890 3424 nostri
903 3372 958 3422 fere
971 3389 1067 3424 omnes.
1084 3377 1160 3432 Bentt

55 3440 119 3489 Nisi
128 3440 161 3489 sit
173 3442 204 3492 Z.
216 3439 283 3504 qood
296 3456 351 3491 esse
369 3441 397 3490 in
415 3440 478 3489 edit.
495 3447 569 3490 notat
580 3442 673 3490 Bruns.
706 3439 764 3488 Nisi
774 3437 848 3495 illusi
859 3439 902 3489 ed.
913 3439 1075 3504 Deiplr.—19
1092 3441 1159 3506 Eug.

54 3503 125 3555 hunc
134 3519 235 3554 versum
247 3505 284 3554 sic
296 3506 376 3554 citati
387 3506 450 3558 Eum
459 3519 509 3553 sese
520 3505 621 3557 intendit
628 3506 733 3567 essedsc.
752 3503 881 3567 Egregios
894 3510 922 3552 et
930 3504 988 3553 dele
996 3505 1077 3567 Soror,
1090 3505 1159 3569 quod

56 3569 152 3632 putide
162 3569 205 3618 bie
217 3569 354 3632 repetitur.
367 3569 439 3621 Beni.
463 3570 524 3620 Earn
533 3583 581 3618 sese
593 3571 659 3632 Eug.
671 3569 773 3631 legiter
782 3568 883 3631 recepit
895 3569 973 3618 Beut.
985 3583 1061 3634 quem
1073 3569 1158 3632 requi·

54 3647 124 3697 mur,
139 3633 238 3696 rejecto
248 3633 318 3697 vulg.
333 3633 416 3683 Soror.
427 3632 487 3696 Rip.
519 3632 670 3699 Sequuntur
681 3638 710 3682 et
719 3633 797 3684 Botb.
808 3639 837 3683 et
851 3633 924 3683 Peri.
943 3633 988 3698 qui
1004 3639 1078 3683 notet
1095 3633 1159 3686 dan

492 3798 493 3801 η
554 3761 661 3812 NOTAE

54 3858 171 3911 bendum
190 3865 219 3910 et
236 3858 423 3910 meridiandum
445 3865 590 3910 secommd·
629 3861 799 3910 delieeolonne.
1152 3881 1156 3891 ·

56 3937 133 3987 datos
152 3935 258 4001 bebere,
279 3936 305 3986 in
326 3935 419 4000 quibus
442 3933 589 3984 coufnbuIs-
662 3941 693 3986 lb
711 3936 777 3992 Quid
792 3933 919 3995 inbuisset,
936 3947 988 3981 curn
1000 3933 1076 3998 perit]
1091 3935 1157 3986 Quae

56 4019 158 4064 rentur.
575 4022 578 4026 ’
628 4010 740 4074 insignia
761 4009 880 4073 gestabat
902 4009 988 4070 puelle
1012 4009 1160 4075 Pamphile,

89 4089 123 4138 ld
134 4079 136 4083 ’
146 4077 229 4153 Sunii]
251 4081 358 4137 Sunium
380 4085 591 4136 Promontorinrn
629 4087 723 4152 quibus
734 4084 837 4136 taudem
847 4083 936 4149 agnitu
946 4090 995 4136 est.
1098 4072 1116 4086 ⁸

57 4172 98 4216 est
110 4163 221 4215 Atticus.
255 4163 349 4214 Hodie
359 4159 512 4226 nominetur,
526 4163 593 4226 Cape
