2678 4702
448 305 617 355 ιυιιιιοιιι
636 307 719 354 ιιι.
736 308 759 356 ι.
783 307 890 355 ιο.·ιι.
1154 297 1220 360 409

113 463 188 528 Tu.
208 458 343 523 ‘Siccine
358 457 422 535 ais,
436 457 623 526 Pannonot
640 462 722 540 age!
737 460 796 523 sed
811 460 876 525 buc
889 480 956 544 qua
970 461 1074 542 gratia
1174 500 1177 507 ·

115 564 170 628 Te
185 559 424 642 arcessijussi,
438 560 601 623 ausculta.
646 561 715 624 Ριι.
740 561 828 626 Fiat.
871 562 941 626 Tu.
964 563 1032 627 Dic
1051 563 1132 629 mihi
1174 568 1218 632 20

115 664 200 728 Hoc
214 662 369 745 primum,
380 658 488 742 potin'
501 666 551 723 est
565 659 620 724 hic
637 663 777 726 taceret
822 662 888 726 ΡΑ.
912 663 1056 744 Egonel
1071 671 1218 748 optume.

114 765 247 830 Verum
260 763 341 826 heus
357 768 403 837 tu,
424 761 488 825 bac
502 761 577 842 lege
593 763 654 826 tibi
668 782 776 828 meam
791 765 940 845 astringo
955 763 1075 830 fidem:

114 865 211 945 Quae
226 882 307 927 vera
320 861 446 939 audivi,
459 868 568 940 taceo,
584 871 619 927 et
631 864 785 928 contineo
800 872 955 948 optume:

115 967 180 1032 Sin
193 965 330 1040 falsum,
345 970 403 1026 aut
416 981 550 1040 vanum,
566 966 623 1028 aut
637 963 750 1028 fictum
764 973 829 1041 est,
853 967 1010 1031 continuo
1031 969 1141 1050 palam
1155 977 1218 1038 est.

114 1070 249 1135 Plenus
261 1067 417 1129 rimarum
434 1085 519 1142 sum,
537 1065 599 1130 hac
615 1073 715 1148 atquo
731 1066 810 1130 illac
824 1069 964 1150 perfluo.
1146 1066 1151 1075 '
1174 1074 1219 1138 95

112 1170 221 1234 Proin
235 1152 402 1251 tusfflreri
418 1167 449 1230 si
465 1166 525 1243 vis,
540 1187 620 1231 vera
635 1167 753 1232 dicito.
903 1166 907 1171 “

114 1271 188 1335 Tu.
213 1268 328 1332 Samia
341 1269 420 1332 mibi
434 1268 639 1332 materfuit:
660 1288 702 1333 ea
716 1268 891 1333 habitabat
906 1268 1030 1334 Rhodi.

115 1371 188 1434 ΡΑ.
212 1368 330 1432 Potest
345 1369 446 1433 taceri
460 1368 533 1433 hoc.
576 1368 645 1433 Τιι.
670 1370 724 1433 Ibi
740 1377 812 1432 tum
825 1372 922 1433 matri
938 1372 1110 1452 parvolam

114 1471 272 1536 Puellam
286 1469 376 1533 dono
392 1469 528 1553 quidam
543 1477 708 1537 mercator
723 1471 824 1547 dedit,

107 1674 186 1734 force.
220 1674 272 1723 Τιι.
287 1673 381 1723 Siccine
392 1675 501 1736 laquata
510 1671 650 1724 Pameeot
663 1689 737 1736 perge
746 1677 822 1725 modo.
857 1677 907 1726 Sed
917 1682 954 1739 tu,
968 1679 1002 1726 mi
1013 1677 1137 1738 Plaoedrio,
1148 1691 1216 1741 quarn

113 1739 142 1786 ob
154 1752 205 1786 rem
215 1742 239 1786 te
249 1733 377 1787 bucocciri
392 1738 511 1800 mandam,
526 1744 617 1787 attente
636 1741 701 1788 audi.
734 1739 789 1788 Ριι.
807 1739 911 1806 Sicfiot.
944 1743 996 1791 Τιι.
1014 1743 1064 1791 Dic
1074 1742 1142 1803 mibi,
1155 1744 1218 1790 Par·

112 1817 183 1851 meno
201 1802 247 1849 iste
263 1807 370 1864 potertne
384 1800 478 1853 tacere?
514 1803 563 1851 ΡΑ.
580 1799 683 1862 Egone?
703 1804 799 1865 Optime
815 1819 926 1865 porcum5
943 1820 1032 1866 rmum,
1049 1806 1106 1854 bear
1123 1812 1159 1866 tu,
1174 1807 1219 1855 boc

111 1866 249 1914 conditione
257 1867 333 1929 fidem
349 1865 394 1913 tibi
404 1868 452 1923 do,-
468 1881 519 1928 quo
528 1867 619 1928 oudini,
630 1867 651 1914 ei
662 1881 718 1915 nera
728 1873 793 1926 runt,
808 1882 836 1916 ea
851 1874 915 1917 recte
924 1872 980 1918 rileo
989 1870 1127 1935 etfideliter
1134 1885 1217 1918 cerro:

111 1930 236 1989 masolio,
246 1936 287 1978 oue
297 1945 366 1991 oona,
376 1935 418 1978 out
428 1929 491 1993 Jicto
507 1934 571 1984 runt,
590 1929 713 1989 confestim
729 1931 836 1978 omnibus
846 1934 1093 1992 eamanitcetesacio:
1109 1939 1218 1996 peremne

111 1999 136 2042 et
148 1993 250 2041 rirnoeue
258 2007 318 2053 eum,
333 1994 456 2043 commieeo
466 1992 525 2040 mibi
541 1992 642 2054 namque
660 1993 798 2040 transmitto
813 1999 838 2042 et
852 1994 962 2058 effundo:
979 1997 1014 2044 ito
1030 2012 1058 2044 ue
1068 1997 1142 2045 dicito
1152 2011 1217 2058 cero,

111 2059 135 2106 ei
147 2072 176 2106 eu
187 2071 225 2105 ene
242 2061 319 2106 tacere
331 2060 401 2104 colec.
435 2057 490 2104 Τιι.
507 2056 590 2104 Mater
599 2055 658 2104 mibi
675 2071 688 2105 e
706 2056 778 2105 Sarno
796 2057 872 2105 incula
882 2059 954 2116 suit,·
971 2075 998 2107 ea
1049 2062 1088 2107 odi
1099 2060 1217 2108 manebat.

111 2121 166 2171 ΡΑ.
187 2119 243 2169 Hoc
253 2135 332 2169 rerum
342 2135 390 2168 erae
398 2124 464 2182 puto,
472 2120 622 2182 peregrinam
634 2119 712 2179 sabee
722 2120 745 2168 ei
754 2125 868 2169 matrem:
885 2121 1010 2172 tacebitur.
1044 2124 1098 2171 Tu.
1117 2123 1157 2171 lbi
1166 2128 1217 2171 turn

112 2184 189 2236 matri
201 2185 296 2247 quidone
311 2188 427 2234 mercator
435 2185 537 2247 pueliam
543 2184 668 2248 pomulam
679 2184 786 2246 donauit,
801 2199 832 2234 ea
843 2183 927 2234 Attica
942 2186 998 2237 inde
1008 2200 1079 2250 unque
1088 2186 1218 2250 omentum.

565 2350 715 2370 ‘mm
718 2351 747 2370 Ν

111 2481 136 2529 ei
150 2479 299 2528 Phaedriam
311 2479 473 2528 ostendendo
480 2479 497 2541 ;’
509 2494 566 2542 qnae
578 2480 604 2528 in
616 2479 717 2528 excierit
729 2479 812 2528 locum
824 2478 918 2528 babere
930 2492 979 2526 non
992 2478 1115 2541 poscunt!
1131 2480 1216 2530 Recte

110 2545 160 2594 Fe.
177 2544 293 2592 exclusti.
320 2543 380 2593 Duo
400 2558 432 2591 ex
453 2544 548 2592 nostrin
568 2545 699 2594 eactueieti.
732 2544 944 2593 Ceterieacturit:
961 2551 990 2592 ut
1009 2548 1037 2592 et
1054 2544 1099 2593 Pr.
1119 2560 1145 2607 p.
1160 2548 1218 2594 aar.

111 2608 196 2657 etiam
215 2608 241 2654 in
260 2607 386 2669 Scriptie3
404 2622 455 2655 non
477 2615 507 2656 ut
527 2609 573 2657 Fa.
593 2608 666 2670 citat,
684 2608 815 2656 exclusisti.
834 2606 911 2656 Bent.
946 2608 990 2656 Br.
1011 2607 1092 2656 habet
1109 2608 1218 2658 excierit.

109 2672 187 2722 Peri.
208 2671 407 2719 exclusisti-19
423 2671 516 2720 Siccine
527 2673 589 2732 agie,
602 2672 730 2733 Parmeno]
750 2672 840 2721 Leidd.
856 2678 908 2719 tren
926 2686 985 2721 curn
1004 2672 1049 2722 Tr.
1062 2680 1090 2722 et
1101 2674 1140 2722 Μ.
1159 2673 1216 2734 [Βι.

110 2736 195 2785 Both.
208 2734 250 2796 Z.]
266 2734 360 2782 Siccine
369 2735 417 2796 aie,
429 2736 461 2783 P.
495 2736 545 2783 Scd
559 2745 585 2784 et
598 2735 634 2783 ita
647 2736 777 2783 recensuit
788 2736 920 2784 Heinsius.
953 2734 1090 2785 Accedunt
1109 2737 1218 2800 impret-

110 2814 202 2848 eorum
214 2799 394 2859 vetustissimi,
410 2799 488 2848 etiam
501 2800 557 2846 ΕΡ.
591 2798 667 2847 Unde
678 2799 765 2846 malim
778 2799 814 2845 ita
825 2800 919 2861 legere.
954 2799 1217 2861 Respiciunturenim

110 2864 194 2912 rerba
212 2861 398 2921 Parmenonie;
416 2870 445 2911 et
462 2865 584 2911 continuo
599 2863 778 2925 nequiturage.
794 2862 876 2910 Wart.
911 2861 1031 2924 Quinque
1043 2864 1095 2910 anti
1116 2863 1141 2910 ui
1152 2862 1217 2912 libb.

109 2942 154 2991 ap.
170 2926 519 2976 Fa.omnesBent.dnobue
536 2925 733 2987 exceptismgb.
762 2924 1000 2988 ItaquoquePerl.
1025 2925 1075 2973 ‘In
1119 2941 1138 2975 ι.
1151 2927 1217 2975 alta·

109 2994 166 3040 rius
180 2991 298 3039 lectionis
311 2991 419 3052 vestigia
430 2998 530 3050 extant,
540 3005 584 3051 oge
595 2991 629 3038 eir
639 2991 692 3052 buc,
701 2991 742 3050 irc.
754 2988 822 3053 qnod
835 2989 920 3037 verius
933 2988 1061 3037 arbitror!
1072 2989 1146 3039 Lind.
1173 2989 1217 3038 Ita

110 3069 216 3120 qnoque
228 3055 355 3102 Pan-2⁰
373 3052 416 3102 ΑΙ.
433 3055 595 3103 accersi-24
611 3055 665 3102 Pro
683 3059 725 3102 uui
743 3067 836 3109 canum,
854 3065 918 3101 unns
930 3066 962 3100 ex
973 3053 1067 3100 nostrie
1078 3052 1216 3102 Academi·

110 3135 158 3169 cue
170 3124 214 3167 aut
225 3119 326 3179 nonum,
336 3119 404 3167 alter
415 3117 448 3167 R.
459 3124 502 3167 aut
512 3133 619 3167 nocuum.
649 3119 728 3165 Certe
740 3117 765 3163 iu
778 3117 828 3164 ἰιιο
839 3122 880 3164 aut
890 3130 976 3164 canum
987 3115 1108 3165 mendum
1119 3116 1215 3168 latitet.

110 3185 187 3247 Lego
199 3183 244 3231 Sin
249 3182 339 3241 solcum
350 3182 465 3231 audierim
475 3183 594 3246 ocfictum
605 3199 625 3231 c.
637 3183 746 3244 palamst.
778 3179 859 3228 Video
869 3186 897 3228 ut
910 3193 942 3227 ex
954 3179 999 3228 illo
1008 3180 1133 3239 audierim,
1143 3178 1215 3229 fecta

111 3250 166 3297 rint
178 3251 219 3294 out
231 3247 332 3302 nanum,
343 3251 499 3306 amorreum,
511 3250 551 3294 aut
562 3261 655 3294 nanum.
692 3246 813 3292 Ceterum
831 3258 859 3292 oc
874 3245 940 3306 lega,
951 3256 1002 3292 non
1013 3249 1055 3292 aut
1062 3260 1072 3302 ‚·
1089 3259 1145 3308 quar
1163 3244 1215 3293 duo

110 3311 210 3374 partim
223 3316 409 3372 permutantur.
429 3311 502 3359 Beni.
535 3310 580 3358 Pr.
593 3324 619 3372 p.
629 3313 686 3358 999.
695 3309 789 3366 sotrum
799 3313 841 3356 out
847 3308 945 3372 fictum,
957 3308 1049 3357 omisso
1060 3314 1103 3357 out
1113 3323 1214 3358 eanum:

109 3376 158 3423 ced
181 3388 207 3436 p.
220 3377 293 3422 1143.
306 3374 391 3421 omnia
403 3374 453 3421 tria
470 3374 555 3434 babet,
566 3376 645 3422 ctiam
663 3374 689 3420 in
709 3373 813 3433 scriptia
834 3372 1041 3434 onomaton-25
1059 3374 1137 3422 Bent.
1148 3372 1214 3435 legit

109 3439 223 3502 poploe:
240 3436 288 3500 [ita
306 3451 408 3500 quoque
429 3437 520 3498 Botb.]
537 3438 583 3486 ced
605 3440 709 3500 elegone
730 3444 770 3484 ert
790 3436 832 3484 vul
854 3471 860 3484 .
880 3436 1021 3498 scriptura.
1042 3437 1074 3486 R.
1090 3437 1126 3486 D.
1144 3438 1214 3501 vulg.

111 3504 192 3551 etiam
204 3501 297 3563 probat
307 3501 445 3550 Peri-26
459 3502 486 3551 J.
499 3507 564 3550 taceo
575 3515 622 3564 pro
633 3503 717 3552 taceri.
753 3451 851 3563 Trocmi
864 3501 970 3549 'luenda
981 3501 1038 3550 baec
1048 3502 1110 3550 lect.
1123 3509 1214 3550 contra

110 3567 236 3622 Fabrum,
247 3579 279 3613 ex
292 3564 367 3614 codd.
380 3566 491 3614 vetustis
503 3573 529 3612 et
541 3567 656 3615 Donato.
677 3568 749 3614 Weet.
781 3566 858 3615 Both.
874 3564 897 3612 ei
907 3565 943 3613 oie
953 3565 1099 3615 taceri-28
1116 3566 1214 3615 Omnee

110 3628 193 3680 nostri
212 3629 326 3678 unanimi
345 3642 481 3693 consensu,
496 3637 524 3678 et
543 3630 603 3678 edd.
622 3638 686 3680 vett.
707 3635 758 3677 tum
774 3629 817 3678 iti.
851 3630 983 3678 Utrumvir
1000 3629 1088 3693 probe.
1105 3629 1213 3678 Bent-
1262 3684 1274 3696 .

608 3778 715 3829 Nom

144 3899 177 3946 2⁷
197 3893 332 3943 Habitubat
344 3893 435 3959 Rbcdi]
458 3893 572 3954 Rhodus,
584 3891 646 3940 Car·
687 3891 728 3939 dia
740 3891 807 3940 iuter
818 3891 923 3940 Cretam
939 3895 967 3938 et
982 3887 1108 3951 Rhodum,
1121 3897 1212 3940 contra

113 3973 196 4038 patbii
208 3970 388 4020 Marlalnrulu
406 3970 576 4033 nobilissima,
593 3982 645 4017 am·
685 3967 841 4030 AEgyprun:
864 3964 922 4014 huic
941 3963 1010 4027 parti
1029 3963 1110 4012 Maris
1129 3963 1211 4034 AEgai

113 4049 168 4098 bitu
182 4052 239 4098 12⁰.
258 4046 328 4095 mille
337 4059 467 4108 passuum.
487 4043 645 4107 Carpatbur,
684 4056 777 4094 nornen
790 4039 870 4090 aedit.

114 4125 247 4188 &cruento
258 4135 327 4172 nunc
336 4120 417 4185 dicta,
429 4119 573 4177 inmineat,
591 4133 645 4171 mc·
