2678 4702
409 316 457 363 on
480 315 620 364 urrais
643 312 914 364 renunciatus.
1144 300 1209 365 w

212 552 428 613 -ucENTlA
449 549 724 623 TERENTIANA,
746 550 831 619 QUA
853 549 1079 610 DEFLECTIT

466 665 494 723 A
514 660 673 724 LATINIS
694 661 836 723 EPlClS.

155 809 230 882 Sed,
252 819 286 869 ut
299 809 427 882 redeam,
452 810 531 870 unde
554 809 706 889 digressus
728 827 803 868 sum.
846 806 888 867 Ut
910 827 929 867 a
953 807 1065 868 Grecis
1088 808 1209 871 comicis

111 905 304 966 desciverunt
327 906 421 965 Latini
446 926 500 985 pro
519 906 655 966 brevibus
679 903 800 985 syllabis
825 903 926 964 tardas
947 903 1148 973 infulciend03
1168 907 1213 965 its

112 1001 188 1060 vitio
211 1020 330 1079 prorsus
351 1002 497 1062 contrario
520 1014 692 1083 peccarunt,
716 1000 900 1081 corripiendo
929 1000 1042 1061 scilicet
1067 999 1212 1080 ejusmodi

113 1095 340 1175 syllabaa‚quae
358 1096 388 1155 in
404 1097 508 1157 Latino
530 1117 665 1158 sermone
687 1106 772 1159 erant
785 1096 895 1176 longua.
937 1097 1033 1175 Hujus
1054 1107 1153 1157 autem
1176 1097 1213 1155 li·

112 1191 229 1252 centia>
238 1192 359 1252 modum
374 1211 410 1252 ac
423 1194 497 1253 fines
512 1211 571 1253 non
591 1194 721 1274 cujusvis
736 1202 783 1252 est
796 1192 956 1273 reperisse3
980 1211 1046 1252 cum
1068 1212 1104 1252 ex
1122 1192 1212 1252 inter·

112 1289 248 1368 pretibus
263 1288 303 1360 hi,
317 1289 368 1366 qui
386 1289 533 1349 laxissime
554 1297 584 1349 et
597 1290 675 1351 ultra
689 1289 827 1351 terminos
841 1287 989 1349 licentiam
1007 1287 1086 1347 hanc
1100 1306 1213 1366 expan-

112 1381 202 1454 dunt,
231 1392 363 1442 monstra
390 1403 601 1464 nonnunquam
628 1396 658 1446 et
686 1395 823 1465 portenta
853 1404 906 1463 pro
934 1383 1008 1445 veris
1037 1383 1212 1443 lectionibus
1324 1459 1327 1465 .

114 1486 255 1544 tuenturz
278 1477 329 1536 alii
342 1490 455 1554 contra,
468 1480 519 1558 qui
533 1479 619 1540 nimis
633 1480 720 1541 arctis
735 1499 800 1541 earn
819 1481 926 1540 finibus
946 1479 1102 1552 claudunt,
1123 1476 1213 1559 sylla·

94 1572 230 1651 'basque
244 1589 347 1630 omnes
361 1570 399 1631 ad
417 1572 565 1651 epicorum
588 1577 741 1653 po’e'tarum
765 1593 898 1634 normam
924 1575 1057 1653 exigunt,
1080 1573 1213 1652 singulos

107 1668 176 1733 ‚fere
191 1687 294 1727 versus
308 1668 421 1728 miseris
435 1669 541 1744 modis,
556 1671 705 1744 addendo,
720 1669 899 1743 mutilando,
913 1669 1096 1743 invertendo,
1110 1680 1215 1730 contre

113 1762 252 1824 codicum
267 1764 366 1836 fldem,
386 1764 526 1844 jugulant
546 1780 576 1828 et
595 1768 754 1829 trucidant.
797 1767 876 1828 lllud
890 1767 920 1826 in
935 1768 1104 1827 universum
1119 1766 1213 1826 anirn-

115 1859 255 1920 advertas
269 1858 367 1932 velim,
388 1861 486 1922 nullas
509 1882 560 1925 eos
582 1865 722 1945 syllabas,
747 1884 816 1944 qum
841 1873 946 1923 natura
964 1874 994 1923 et
1008 1863 1118 1923 vocalis
1140 1881 1214 1923 sono

115 1956 217 2035 longoe
232 1966 312 2027 sunt,
322 1956 495 2035 corripuisse
507 1978 516 2027 3
531 1958 584 2019 sed
599 1979 651 2020 eas
664 1970 790 2035 taptum,
802 1979 870 2038 quoe
883 1978 937 2036 per
949 1958 1081 2017 vocalem
1095 1956 1215 2036 quidem

115 2053 221 2112 breves
247 2061 342 2123 erant,
364 2054 509 2131 positione
534 2065 632 2114 tamen
653 2065 684 2115 et
705 2052 930 2113 consonantium
959 2070 1105 2111 concursu
1126 2052 1237 2112 factre·

117 2158 189 2207 sunt
202 2148 312 2228 longae.
357 2147 413 2207 Hae
427 2169 495 2210 vero
509 2168 598 2209 voces
612 2159 642 2208 et
656 2167 776 2209 numero
790 2167 894 2228 paucoe
909 2156 989 2217 suut,
1002 2145 1215 2226 monosyllabo

115 2241 177 2303 fere
190 2244 236 2304 vel
247 2246 425 2328 dissyllabae,
439 2247 486 2306 vel
499 2266 565 2307 cum
578 2244 835 2326 praepositionibus
850 2244 1041 2325 compositaer
1057 2254 1136 2304 etex
1150 2243 1216 2323 ipsa

117 2338 189 2400 sede
218 2341 337 2423 situque
357 2343 512 2404 commodo
536 2345 651 2403 veniam
676 2352 832 2402 merentur.
875 2341 950 2400 Cum
974 2350 1072 2399 autem
1097 2341 1215 2420 inipso

118 2445 228 2495 nostrie
243 2439 381 2501 editionis
395 2450 477 2499 textu
492 2439 611 2518 singula
631 2440 696 2499 haec
714 2441 743 2499 in
759 2438 891 2499 versibus
908 2436 1031 2516 siugulis
1045 2455 1096 2515 per
1109 2454 1215 2496 accen·

116 2538 200 2590 tuum
216 2534 402 2594 intervallum
425 2546 531 2613 sponte
546 2556 578 2596 se
593 2535 771 2603 ostenduam
793 2553 851 2594 non
874 2553 947 2614 opus
961 2542 1017 2606 est,
1038 2542 1072 2591 ut
1084 2530 1216 2610 singilla-

116 2626 170 2684 tim
185 2627 235 2689 hic
250 2641 466 2691 enumerentur.
508 2630 586 2690 Illud
600 2641 713 2692 tanturn
726 2636 863 2703 monebo,
877 2629 958 2709 quod
972 2637 1041 2688 ante
1056 2647 1103 2688 me
1112 2627 1216 2708 opinor

115 2741 222 2792 nemo3
249 2726 277 2783 in
299 2728 394 2805 primo
416 2726 475 2786 fere
496 2746 633 2788 versuum
657 2727 743 2808 pede,
767 2738 798 2788 et
821 2727 937 2807 parcius
963 2723 1047 2796 alias,
1068 2723 1217 2784 licentiam

115 2809 196 2879 hanc
217 2823 386 2883 exercuisse
402 2822 563 2883 Nostrum:
585 2823 674 2902 idque
699 2823 861 2883 rectissimo
880 2821 1012 2902 judicio;
1035 2839 1102 2879 cum
1123 2828 1216 2882 actor,

113 2915 145 2972 in
159 2916 219 2975 fine
234 2918 338 2996 prioris
354 2938 454 2979 versus
470 2920 568 2980 anima
581 2931 710 3000 recepta,
732 2921 851 3000 plenum
864 2918 1056 2999 rapidumque
1082 2913 1215 2993 spiritum

114 3023 221 3092 posset
234 3013 384 3074 effundere
398 3035 405 3074 :

159 3164 222 3226 Sed
236 3165 266 3223 id
280 3164 395 3245 gratum
410 3167 542 3227 fuisse-
682 3167 773 3226 Color
786 3166 884 3235 verus,
899 3181 1016 3242 corpus.

81 3271 84 3276 '
157 3262 230 3322 Sine
243 3260 354 3321 invidia
365 3262 494 3325 laudem.
673 3261 778 3341 Neque
791 3260 922 3340 Antipho
936 3257 1004 3320 lita.

158 3357 231 3416 Sine
245 3356 325 3416 omui
339 3358 459 3437 periclo.
675 3358 735 3419 Sed
748 3358 805 3420 hoo
819 3355 889 3416 milii
903 3355 1061 3416 molestum
1073 3362 1130 3414 est.

159 3451 285 3531 Propter
298 3451 436 3531 hdspitai.
674 3454 795 3519 ‚Bonum
809 3452 959 3532 ingenium
973 3471 1086 3511 narras.

162 3546 221 3606 Hic
237 3557 284 3606 est
296 3545 347 3607 ille
361 3568 422 3609 non
434 3560 476 3611 te.
679 3550 739 3610 Sed
753 3550 801 3610 hic
817 3549 988 3630 Pamphilus
1004 3547 1087 3629 quid.

162 3642 272 3702 Studet
286 3641 339 3722 ps'tr
352 3644 469 3705 referre.
679 3647 708 3705 ls
722 3647 792 3707 hinc
805 3644 915 3706 bellurn
929 3645 1058 3723 fugiens.

162 3738 213 3797 Ob
227 3738 305 3797 hano
319 3737 497 3800 inimicitias.
678 3742 793 3822 Nempe
807 3740 1026 3802 Phormionem.

163 3834 212 3892 Ob
229 3834 331 3893 decem
347 3855 431 3895 mnas
446 3835 550 3916 inquit.
682 3838 715 3897 ln
730 3839 807 3899 hanc
821 3837 951 3899 ndstram
966 3836 1104 3913 plateam.

169 3929 244 3989 Inde
259 3932 374 3990 sirmam
388 3932 482 3992 uxori.
514 3995 516 4004 ,
684 3933 873 4014 Supellectile
888 3950 962 4011 opus
977 3937 1032 3987 est.

165 4028 255 4084 Soror
270 4025 351 4086 dicta
365 4038 421 4101 est,
436 4030 532 4108 cupio.
682 4030 741 4090 Sed
757 4048 828 4090 ecca
841 4027 908 4107 ipsa
921 4021 1079 4102 egreditur.

169 4119 265 4181 Simul
281 4121 435 4183 consilium
451 4144 518 4185 curu
533 4145 573 4186 re.
686 4125 751 4206 Ego
765 4120 916 4193 excludor,
930 4117 991 4178 ille.
1154 4194 1176 4229 ι
