2678 4702
407 365 564 416 annana
589 367 673 418 acu.
693 368 726 416 v.
750 368 803 421 sc.
819 369 853 419 u.
1052 430 1056 439 ,
1112 359 1179 427 387

76 507 133 580 St.
156 505 231 591 Age
247 506 324 572 fiat.
363 509 432 572 ΡΛ.
454 508 502 575 At
517 516 657 576 matura.
693 514 746 579 S1.
769 513 820 580 Eo
834 516 934 582 intro.
950 517 1016 583 PA.
1041 516 1178 588 Osuuu·

209 619 278 673 tum
293 615 329 674 et
342 607 473 675 felicem
490 613 575 676 hunc
591 613 697 679 diem!
758 699 760 705 Α

74 795 201 845 Juuuernm
217 810 268 845 eum
287 802 350 847 recle
365 797 437 847 cinci.
469 798 657 847 Peducaeum
667 799 954 858 mloicinculiuolaenu.
986 804 1025 855 81.
1043 805 1105 868 Age,
1114 807 1177 870 fiat.

75 857 128 910 Pa.
145 859 286 919 Atseclino.
319 862 359 912 St.
376 863 494 911 Eointro.
530 864 580 912 ΡΑ.
600 863 737 923 Osuuetum
747 864 1040 925 ucsaliccmltuncdiem!

534 1002 623 1024 unu
626 1004 716 1026 ‘MN

72 1080 225 1150 Dentleium
239 1099 317 1148 Both.
336 1099 472 1152 Peri-53
490 1104 598 1154 Mutum.
632 1105 708 1155 Hauc
724 1106 786 1156 lect.
804 1113 896 1158 contra
906 1107 1028 1179 Fabcnm,
1044 1109 1174 1172 legentem

70 1168 176 1220 mure,
186 1163 302 1213 vindicat
313 1165 343 1214 F.
357 1165 392 1215 H.
412 1167 483 1215 Weat.
518 1168 549 1216 In
563 1171 635 1220 Bam.
647 1178 675 1218 et
685 1170 811 1234 aliquibus
823 1173 879 1220 aliia
890 1171 971 1235 libris,
990 1186 1041 1222 non
1058 1180 1099 1222 eet
1116 1189 1175 1237 pro·

69 1241 168 1277 nomen
189 1227 258 1288 lune,
277 1228 346 1292 quod
362 1233 586 1282 etconauctcdini
597 1233 700 1283 dicendi
712 1237 929 1285 accommodatius
941 1243 991 1287 eat.
1009 1239 1053 1288 Fu.
1087 1237 1173 1288 Etiam

68 1306 102 1341 cx
115 1291 213 1339 nostris
226 1305 285 1354 para
297 1293 379 1356 major
391 1308 439 1342 non
452 1296 568 1357 agnoscit
577 1298 654 1347 lunc:
672 1312 718 1348 nec
730 1300 839 1364 Nonius,
851 1315 876 1349 v.
887 1301 1020 1351 Faustum.
1050 1300 1174 1352 Ceterum

64 1368 160 1404 verum
174 1361 225 1414 eat,
235 1356 303 1418 quod
315 1357 398 1406 Faber
409 1360 531 1423 conjecit,
542 1367 644 1423 mature,
655 1377 704 1410 non
716 1370 818 1413 mutum.
847 1365 914 1414 Eun
925 1379 956 1413 11.
969 1370 992 1416 l.
1000 1371 1026 1415 1.
1039 1365 1047 1394 ⁸
1060 1365 1172 1416 Faciam.

62 1419 104 1469 At
117 1418 271 1479 diligenter.
288 1421 354 1472 Fiet.
383 1421 418 1471 At
430 1429 537 1474 mature.
555 1424 629 1474 Fiet'
662 1426 754 1489 Plane,
763 1436 792 1475 nt
804 1428 860 1477 liic:
878 1436 906 1477 ct
923 1429 1020 1478 fruentia
1037 1429 1177 1493 cavillatmt

61 1485 106 1534 vir
118 1482 227 1533 doctus.
243 1483 316 1533 Dent.
350 1484 488 1537 Accedunt
500 1489 577 1538 Both.
589 1489 659 1541 Perl.
670 1491 783 1556 quicum
795 1493 873 1545 Bcnt.
884 1493 944 1542 tunc
954 1494 1050 1544 delent.

386 1931 540 1996 ACTUS
564 1931 609 1996 V.
651 1932 809 1998 SCENA
832 1933 875 1998 V.

389 2128 599 2180 OHARINUS.
625 2129 856 2179 cantemus·

53 2247 137 2315 Cn.
163 2242 334 2312 Pnoviso
361 2247 442 2332 quid
465 2254 543 2332 agat
564 2248 782 2331 Pamphilus:
811 2255 912 2332 atquo
927 2269 1054 2316 eccum.
1104 2252 1172 2329 ΡΑ,

204 2345 340 2432 Aliquis
355 2350 469 2413 forsan
482 2370 537 2413 mc
552 2353 651 2432 putet

54 2452 153 2520 Non
168 2456 291 2534 putare
305 2441 371 2515 hoc
387 2470 516 2515 verum:
540 2457 576 2515 at
599 2450 680 2514 mihi
704 2470 791 2515 nunc
814 2452 864 2514 sic
884 2470 959 2516 esse
975 2451 1041 2516 hoc
1056 2472 1171 2518 verum

205 2551 306 2616 lubet.

58 2654 144 2740 Ego
161 2654 313 2720 Deorum
326 2650 432 2717 vitam
445 2660 627 2738 propterca
642 2652 875 2737 sempiternam
891 2673 966 2719 csse
983 2655 1135 2736 arbitror,

100 2852 161 2903 Cn.
184 2851 258 2902 Venio
267 2852 351 2910 uisum
361 2850 417 2913 quid
436 2855 494 2913 agat
512 2852 652 2914 Pamphilus
661 2868 670 2910 ,·
689 2859 759 2916 utque
775 2868 826 2901 ecce
842 2853 917 2901 illum.
952 2852 1002 2901 ΡΛ.
1018 2851 1172 2916 1111ᾳυί1101-

61 2923 135 2966 tum
143 2922 214 2980 putet
224 2931 260 2966 me
270 2931 316 2966 non
324 2921 410 2979 pulcro
420 2916 462 2964 lmc
473 2930 522 2965 ecee
532 2932 621 2979 ceruin,
636 2921 697 2980 quod
707 2933 763 2965 mox
774 2918 842 2966 dico:
858 2921 885 2966 at
900 2916 974 2978 ploeet
990 2915 1049 2964 mill
1058 2930 1121 2964 nunc
1130 2915 1172 2964 lucc
1241 2934 1245 2943 ·

61 2995 154 3032 uerum
163 2995 220 3032 cmc.
255 2982 309 3043 Ego
318 2981 392 3030 ouum
401 2981 505 3028 Deorum
515 2987 638 3043 propterca
648 2981 813 3044 sempiternum
823 2979 965 3039 emejudico,
973 2983 1033 3043 quod
1043 2981 1173 3042 uoluptatee

540 3146 720 3167 om

102 3266 119 3313 1
138 3258 253 3311 Forcitcn
263 3261 294 3310 R.
305 3265 333 3310 et
344 3261 377 3310 V.
385 3259 417 3310 C.
433 3261 506 3309 Liuii.
540 3259 584 3308 Sic
593 3264 621 3308 et
632 3260 727 3309 lin-2
744 3259 834 3308 codex
845 3257 1098 3321 Academicuulicet.
1123 3259 1175 3309 Rc·

64 3340 152 3392 pone,
164 3325 245 3386 liquet.
262 3325 339 3374 Bent.
371 3323 404 3372 ul
420 3324 456 3373 cic
473 3324 498 3371 in
515 3324 566 3371 Me.
582 3322 667 3372 deest.
684 3323 757 3371 Lim.
791 3324 870 3373 Bent.
889 3323 1001 3384 eleganti
1021 3323 1174 3387 conjectura

64 3391 137 3455 legit
147 3389 230 3451 liquet.
247 3387 282 3437 R.
297 3391 334 3438 D.
367 3389 455 3451 Liquet
470 3387 575 3436 nefinxit
591 3387 670 3436 Bent.
686 3387 759 3436 mire.
776 3387 844 3435 Perl.
879 3387 986 3449 Optime
998 3389 1074 3436 Beni.
1091 3387 1174 3451 liquet.

64 3456 155 3507 Both.
167 3451 212 3516 qui
223 3452 268 3501 dat
278 3454 448 3514 deputare-a
467 3453 520 3512 Ego
530 3451 605 3500 citum
616 3453 730 3500 Deorum.
765 3451 889 3501 ItaBem.
907 3458 935 3500 et
949 3453 1011 3500 Bae.
1028 3452 1074 3500 aed
1087 3465 1175 3501 omnen

63 3519 126 3580 alii,
143 3523 173 3566 et
183 3517 314 3578 Donatus,
331 3517 386 3576 Ego
397 3516 503 3565 Deorum
512 3516 594 3564 citum.
612 3516 657 3563 Fu.
693 3517 747 3576 Ego
758 3515 862 3564 Deorum
873 3515 948 3564 citum
959 3514 1033 3566 dedit
1044 3516 1172 3566 Faernnat

65 3592 96 3634 at
111 3578 198 3630 nonni
209 3593 314 3628 omnes:
326 3577 389 3640 'Ego
399 3579 475 3628 citum
486 3579 600 3627 Deorum.
630 3578 711 3626 Vides
722 3585 752 3627 ut
763 3580 916 3627 inconcinne
931 3578 996 3628 fiunt
1006 3580 1073 3630 ictus
1086 3580 1111 3628 ln
1122 3580 1174 3642 eyl-

66 3646 139 3697 lnbia
152 3643 299 3708 postremis.
334 3644 427 3706 Neque
440 3642 490 3691 hilo
502 3642 603 3701 melius,
619 3643 672 3702 Ego
684 3642 790 3691 Deorum
800 3643 874 3691 citum
891 3647 1022 3705 propterca.
1055 3643 1173 3691 Vireru·

65 3714 143 3760 (litus
155 3708 233 3758 solita
244 3707 293 3756 cibi
304 3705 442 3766 felicitate,
453 3707 507 3768 Ego
519 3707 599 3754 Deum
609 3706 692 3755 ullum.
725 3705 777 3754 Sed
789 3707 859 3755 locun
871 3714 930 3754 erat
941 3721 974 3754 ex
992 3706 1083 3754 Servio
1099 3705 1175 3754 recti·

67 3773 197 3835 tuendus,
213 3771 257 3836 qui
277 3771 313 3821 aic
330 3770 411 3822 cltutt
428 3770 482 3832 Ego
493 3769 599 3820 Deorum
609 3770 682 3818 ouum
693 3774 897 3834 euproptcreemp.
907 3783 956 3818 cuae
965 3767 1017 3819 urb.
1035 3770 1112 3817 Beni.
1130 3769 1174 3835 quii

573 3928 678 3979 NO'FAE

104 4033 122 4081 8
139 4029 195 4091 Ego
209 4028 315 4078 Deorum
328 4028 414 4092 citum]
430 4027 489 4076 Hoc
507 4025 605 4077 dictum
648 4025 785 4091 plurimum
799 4023 908 4073 heberet
918 4023 1077 4088 voluptutit:
1093 4023 1175 4076 trltlin

69 4112 112 4155 eat
125 4119 160 4154 ex
172 4103 304 4153 sententia
322 4103 436 4167 Epicuri.
472 4102 521 4151 llle
539 4103 605 4152 enim
648 4103 779 4165 linquunt
790 4098 932 4152 minimum.

70 4182 156 4233 vitain
172 4177 312 4243 judicabat
337 4177 524 4239 bcutimmum,
549 4190 607 4240 qna
