2678 4702
367 308 540 359 annuens
564 310 648 359 sou.
665 312 721 360 ιιι.
745 310 797 360 sc.
821 314 856 359 r.
1092 295 1159 363 4oe

55 452 154 530 Quid
168 457 232 529 est,
246 451 335 536 quod
350 453 450 516 laetus
463 453 538 517 sisl
553 451 634 535 quid
650 454 712 516 tibi
726 453 805 518 visi
820 455 1063 520 satin'sannsl
1079 455 1160 539 quid

189 575 243 620 me
259 555 445 637 aspectasl
984 588 987 593 -

54 655 152 735 Quid
165 657 285 720 taces?
318 656 398 720 ‘Gru
425 656 455 718 Ο
471 655 577 721 festus
593 655 664 724 dics
680 655 842 719 hominis!
860 658 979 735 amice,
990 658 1095 722 salve.
1143 666 1147 673 '

57 757 171 823 Nemo
186 756 231 822 'st
243 756 427 836 hominum,
450 777 553 840 quem
575 776 638 838 ego
654 776 742 820 nunc
756 757 863 838 magis
878 779 1033 842 cuperem
1048 759 1161 825 videre

191 877 292 942 qnam
307 864 354 924 te.

57 992 97 1041 nic
114 991 207 1040 babitus
223 994 332 1040 denotati
361 991 427 1046 Quid
444 997 480 1040 est
496 990 556 1054 osted
573 995 665 1040 inuiam
683 987 793 1040 tettstom
809 990 939 1054 exprimis?
966 990 1033 1048 Qets
1050 993 1095 1042 tibi
1111 993 1164 1042 cis?

57 1056 157 1109 &mne
165 1056 246 1119 sepis?
264 1056 329 1113 Quid
339 1071 375 1104 me
386 1056 505 1105 inruerint.
522 1055 586 1111 Quid
596 1056 665 1104 abst
699 1056 750 1104 Cir.
769 1056 792 1102 0
803 1056 1012 1115 teracissimis
1022 1058 1082 1107 mibi
1092 1057 1162 1107 dies!

56 1119 232 1183 omiee,so1mss
241 1121 283 1170 sis.
319 1121 394 1169 Nemo
405 1125 439 1169 est
450 1119 561 1181 ornaiom,
581 1134 649 1182 quem
659 1133 702 1179 ego
720 1135 782 1168 nunc
794 1120 871 1181 magis
881 1135 988 1184 euperem
999 1122 1079 1171 nidere
1094 1136 1164 1184 msam

518 1246 700 1266 ‘unumve

57 1329 157 1379 tionem
169 1327 248 1391 aliqui
260 1327 320 1377 libri
339 1328 434 1377 nnllam
450 1329 564 1394 habent;
581 1331 658 1395 aliqui
678 1345 739 1380 vero
760 1332 809 1380 hoc
828 1330 914 1393 modo,
929 1336 972 1381 out
988 1333 1045 1395 quid
1060 1333 1119 1383 sibi:
1136 1334 1162 1383 in

56 1395 131 1444 nullo
143 1399 195 1454 est,
210 1392 310 1455 quidve:
326 1399 356 1442 ut
368 1393 393 1441 in
406 1395 545 1457 impressis.
564 1396 608 1444 Fo.
644 1396 728 1444 Etiam
751 1397 831 1445 nostri
851 1396 970 1458 plerique
990 1397 1163 1458 disjunctione
1226 1405 1230 1421 ⁸

56 1471 85 1509 ae
105 1457 148 1507 vel
163 1461 207 1507 eet
224 1465 330 1518 carent;
347 1471 432 1519 ueqsse
451 1461 528 1509 aliter
540 1465 594 1508 stat
612 1474 712 1508 vereris.
729 1460 802 1509 Beni.
836 1460 887 1509 Ast
898 1460 954 1523 quid
965 1461 1083 1512 sibiVet.
1095 1463 1160 1512 Cod.

57 1521 135 1570 Lino.
168 1520 268 1569 ItaBr.
281 1527 307 1570 et
319 1520 408 1570 Guelf.
426 1524 450 1570 3,
485 1523 528 1571 Sic
546 1523 617 1572 delet
633 1524 711 1571 Both.
744 1524 1162 1588 DatPer1.qainenrquonste

54 1587 215 1646 gestiet—ll
233 1584 350 1634 Letases
361 1586 427 1648 lege.
448 1587 517 1635 Beni.
550 1587 637 1648 Vulgo
655 1587 728 1636 tais.
760 1587 813 1636 Sed
832 1596 947 1638 nostrum
966 1589 1015 1652 [sc.
1026 1592 1041 1638 l.
1053 1589 1088 1651 es]
1109 1605 1164 1638 rec·

57 1650 123 1698 sins.
139 1649 199 1710 Bip.
213 1663 270 1710 quae
288 1648 439 1713 ‘aspectas'
458 1651 541 1699 tendit
558 1665 616 1700 crim
638 1653 679 1700 ed.
699 1652 796 1713 Delpb.
816 1652 842 1701 in
862 1667 964 1701 verarum
984 1657 1023 1702 12.
1058 1655 1101 1702 Sic
1118 1652 1164 1706 dat

57 1713 188 1765 Bothius:
209 1711 274 1766 Quid
290 1713 359 1763 lctus
378 1718 417 1764 est
433 1715 489 1777 qnid
505 1716 541 1763 nis
559 1715 613 1774 tibi,
632 1717 672 1778 tre.
706 1715 784 1765 &nus
803 1730 827 1766 es
844 1715 932 1767 Guelf.
944 1721 968 1767 2.
982 1721 1074 1768 a—la
1091 1717 1160 1782 Gay.

56 1773 238 1850 Engrapbinm
256 1785 372 1834 secutus,
397 1778 524 1840 expungit
542 1777 571 1827 rb
589 1780 698 1829 bominis.
733 1781 826 1844 Neque
849 1780 955 1830 ferenda
977 1779 1081 1833 videtur
1104 1797 1165 1833 eos·

52 1845 172 1891 'structio
189 1837 335 1898 verborum,
349 1840 426 1896 festus
436 1843 487 1887 dies
497 1843 606 1886 ustulata.
640 1843 826 1935 coabjteiobam,
843 1844 938 1895 dixisse
956 1843 1075 1895 fortassis
1091 1846 1165 1898 cbae.

55 1918 149 1955 ream:
169 1903 191 1950 0
201 1899 359 1965 sestusdies!
375 1902 441 1950 homo
458 1900 513 1950 mi!
528 1903 602 1950 amice
619 1902 695 1949 solve.
721 1901 771 1961 vel,
789 1899 904 1959 Osestus
922 1907 990 1952 dies!
1006 1917 1020 1949 o
1040 1911 1074 1951 mi
1093 1909 1166 1955 outae

53 1965 143 2019 salse!
178 1964 236 2016 Nisi
247 1963 316 2017 forte
330 1980 376 2027 per
388 1964 542 2029 hypallagen
559 1964 633 2027 dixit,
641 1965 722 2022 sertus
739 1965 789 2012 dies
809 1965 918 2025 mininis,
936 1979 993 2028 pro,
1009 1966 1084 2016 bouso
1105 1966 1166 2023 festi

54 2031 121 2084 diei.
155 2030 251 2081 Quales
271 2030 361 2079 Graeci
380 2037 503 2078 vocantur
521 2026 655 2092 καλήμεροι.
689 2029 826 2078 Turnebus
842 2027 952 2078 Advers.
971 2043 1014 2079 111.
1033 2034 1072 2079 ll.
1084 2029 1166 2089 festus

53 2094 221 2147 uninomina
231 2093 329 2144 dictum
343 2098 419 2156 putet
429 2093 494 2143 mira
505 2095 614 2157 quiedam
633 2100 661 2143 et
680 2106 747 2144 nova
765 2092 869 2142 dicendi
889 2093 999 2153 ratione,
1017 2108 1065 2156 pru
1081 2092 1166 2148 fausto

52 2161 173 2222 iromiue,
189 2159 323 2223 susspicato
335 2166 363 2207 et
373 2164 483 2221 optato;
500 2158 669 2207 translatione
681 2157 759 2206 ducta
773 2172 788 2205 a
799 2156 890 2206 diebus
901 2156 984 2207 festis.
1018 2159 1059 2206 Ex
1076 2159 1165 2224 Anapi.

54 2224 120 2272 Viri
131 2223 209 2271 Corn.
220 2237 267 2270 van
277 2222 465 2284 Bynkerslme'k
476 2221 631 2271 doctissimis
644 2221 726 2270 literis
739 2221 869 2283 duplicem
882 2221 1059 2283 conjecturam
1072 2221 1166 2283 didici3

54 2288 172 2348 scilicet,
191 2287 214 2334 0
224 2286 305 2345 festus
316 2286 472 2336 dieslmmim‘.
506 2288 551 2347 Et,
570 2287 593 2334 0
603 2287 683 2347 festus
700 2285 856 2335 simeonibus.
889 2287 1005 2337 Quarum
1017 2292 1125 2351 utraque
1137 2300 1165 2335 se

56 2359 90 2413 et
108 2351 214 2405 minima
236 2352 388 2410 mutatione,
412 2359 439 2401 et
458 2352 556 2414 optimo
575 2365 651 2399 sensu
674 2348 810 2413 approbat.
838 2348 913 2398 West.
947 2349 1016 2400 Quid
1040 2364 1098 2398 cum
1115 2351 1166 2400 boc

56 2429 139 2465 versu
149 2413 289 2465 faciemus?
306 2429 339 2465 ex
349 2413 401 2464 tine
412 2422 525 2476 constat,
541 2417 731 2465 Tetransetrum
743 2427 800 2461 esse
812 2413 1016 2462 catalecticum:
1034 2413 1079 2461 ssd
1091 2413 1167 2463 initio

56 2479 192 2530 claudicat
202 2479 265 2527 illud
277 2484 347 2529 loces.
381 2480 498 2527 Donatus
510 2496 516 2527 :
532 2479 618 2530 ‘Quid
632 2493 673 2526 me
684 2477 823 2540 aspectas?
839 2477 899 2540 quiri
912 2477 1001 2525 taces?
1034 2476 1084 2527 His
1105 2477 1166 2527 dua·

57 2544 111 2592 bus
125 2543 381 2605 interrogatiunculis
393 2542 529 2606 descripsit
541 2545 640 2591 vultum
652 2541 766 2592 dicturi?
793 2540 953 2603 Quicumque
963 2541 1010 2587 boc
1022 2541 1169 2600 annotavit,

56 2605 184 2721 Profecto
202 2621 254 2654 non
274 2607 378 2667 legebat
396 2612 466 2652 iaces.
500 2607 637 2655 Quomodo
658 2605 727 2651 enim
750 2604 815 2658 Qatn
832 2607 895 2653 taces
917 2603 1045 2651 describit
1067 2605 1167 2655 vultum

71 2671 192 2721 centuri?
225 2668 278 2717 Sed
297 2675 325 2717 et
343 2666 411 2716 aliud
430 2666 472 2716 bic
490 2669 575 2731 majus
596 2674 643 2730 est,
660 2669 746 2716 Festus
764 2669 815 2717 dies
833 2666 954 2716 bominis!
978 2682 1054 2733 quam
1074 2683 1187 2733 magno.

58 2734 171 2785 emerim
182 2732 267 2794 bodie,
284 2738 314 2780 ut
325 2745 425 2779 sensum
438 2733 549 2797 aliquem
561 2733 619 2781 binc
630 2733 721 2795 aliquis
732 2731 875 2780 extsiudatl
908 2732 1042 2781 Donatus:
1058 2734 1167 2783 ‘Festus

58 2799 121 2848 dies
131 2797 248 2855 hominis,
265 2811 322 2859 pro,
338 2795 425 2844 Homo
436 2794 496 2844 festi
507 2795 577 2843 diei!
611 2797 716 2847 Quaruo
736 2796 828 2843 melius
848 2794 935 2843 fuerat
955 2797 1074 2854 tacuisse,
1091 2810 1166 2863 quam

56 2865 113 2914 lsoc
135 2861 247 2913 dixissel
282 2861 356 2909 Bene
376 2859 457 2922 igitur
479 2859 650 2921 Eugrepbius,
676 2859 763 2910 ‘Quid
786 2859 845 2921 est,'
869 2858 960 2969 inanit,
984 2859 1168 2926 ‘Festusdies

58 2925 199 2977 bominisi'
231 2924 410 2987 Ignorantiam
422 2924 463 2972 liic
475 2938 545 2972 susm
558 2922 669 2972 candide
681 2922 827 2986 profitetur.
859 2923 892 2969 vt
914 2936 971 2971 ean
989 2936 1038 2982 ego
1058 2923 1168 2972 veterri-

57 3002 132 3042 mam
144 2995 172 3039 et
182 2989 341 3039 teterrimam
352 2989 437 3037 labem
448 2987 559 3037 feliciter
569 2988 628 3036 binc
640 2987 802 3036 sustulerim:
822 2985 886 3041 Quid
895 2985 975 3036 dices!
991 3002 1004 3034 o
1010 2985 1089 3047 festio
1099 2987 1169 3036 dies!

59 3072 77 3104 o
88 3051 272 3105 messanicus!
289 3052 359 3103 solue.
394 3052 478 3101 Festus
488 3053 539 3105 dies
550 3059 590 3101 est
601 3051 757 3101 blandientis
770 3051 885 3110 diotnm;
901 3059 928 3098 et
947 3051 973 3098 in
994 3051 1032 3098 liis
1050 3049 1168 3103 formulis

59 3119 224 3170 nominativo
236 3116 387 3177 utebantur,
404 3131 477 3181 aeque
488 3132 518 3165 ec
530 3116 658 3165 vocativo.
693 3116 716 3163 0
727 3110 970 3181 ιιιειιι-Μειιειιινιι
981 3115 1008 3161 ιιι
1018 3114 1103 3163 ominis
1113 3116 1170 3164 sire

60 3183 176 3233 bominis.
211 3183 334 3230 Ceterum
346 3182 385 3228 vir
395 3181 513 3230 eruditus
524 3180 689 3229 memorabile
701 3179 742 3227 bic
752 3176 851 3229 faulum
861 3177 933 3239 fecit,
946 3179 1032 3238 verba,
1044 3185 1073 3228 ut
1082 3181 1168 3229 versui

62 3248 224 3307 consuleret,
241 3245 316 3294 sicin
330 3245 386 3308 ipso
397 3253 470 3295 textu
484 3244 632 3308 trajiciens:
652 3244 716 3300 Quid
725 3249 760 3293 eat
771 3245 833 3306 priori
843 3244 913 3291 letus
924 3243 975 3292 sis?
991 3242 1048 3305 qnid
1057 3243 1103 3291 tibi
1118 3243 1170 3293 nis?

62 3312 125 3376 qrsid
147 3326 184 3359 me
209 3315 329 3373 aspectos?
345 3311 402 3372 qnid
419 3314 499 3359 tuaest
530 3307 608 3357 Sutiu’
625 3312 711 3357 acuns?
745 3309 768 3356 0
786 3306 866 3368 festas
887 3308 937 3357 dies
956 3307 1072 3356 bominis:
1096 3309 1171 3358 omine

63 3377 145 3425 soloe:
162 3375 263 3423 nescius
275 3374 384 3435 interea,
402 3388 430 3421 se
442 3374 531 3423 ordina
543 3374 580 3422 sic
590 3374 724 3422 immutato
736 3373 888 3421 senteutiam
900 3378 981 3421 totam
993 3386 1170 3437 corrumpere.

64 3441 142 3490 Beni.
176 3441 216 3487 Ex
228 3439 296 3500 vulg.
310 3438 424 3486 editione
436 3439 521 3487 nulius
540 3437 647 3487 idoneus
667 3451 756 3485 seusus
775 3436 888 3489 elicitur.
922 3438 1000 3486 Bent.
1020 3438 1127 3502 conjicit
1149 3439 1171 3484 0

57 3501 222 3565 fortunales!
241 3504 338 3550 Omma
348 3502 445 3551 amisus.
477 3503 588 3553 ‘Festus
605 3501 675 3551 dies'
696 3500 853 3550 blandientis
874 3501 971 3551 dictsnn
989 3515 1046 3551 esse
1067 3502 1171 3564 planum

65 3574 118 3618 est.
153 3567 263 3616 Gesner.
273 3567 298 3613 ιιι
310 3566 387 3616 Thes.
399 3567 455 3615 Lat.
467 3581 490 3617 r.
509 3566 611 3626 Festus,
626 3573 653 3615 et
670 3565 702 3615 cl.
720 3566 889 3629 Oudendorp.
909 3565 1039 3630 putabant
1059 3568 1082 3615 0
1091 3565 1172 3625 festas

65 3629 137 3683 dies!
155 3632 177 3678 0
195 3645 259 3679 meus
275 3629 372 3691 amicus,
390 3645 426 3680 sc.
445 3630 508 3679 dies.
544 3629 636 3679 Politae
653 3629 723 3678 diem
744 3645 827 3678 meum
847 3631 916 3679 diem
936 3629 1045 3679 fututum
1068 3635 1171 3677 vocant.

68 3697 103 3745 R.
115 3696 150 3745 D.
184 3695 236 3744 Vix
247 3693 381 3742 ferendum
390 3701 431 3744 est
443 3694 525 3754 sosius
535 3695 586 3744 dies
597 3693 704 3756 bominis,
722 3695 770 3742 nisi
789 3693 858 3743 forte
879 3701 920 3742 est
958 3709 996 3753 ro,
1012 3694 1089 3743 bomo
1110 3691 1171 3743 {esti

67 3760 131 3810 diei.
148 3759 216 3809 Peri.
248 3759 326 3807 Bent.
338 3756 431 3822 frigide
443 3759 499 3821 pisid
510 3761 589 3807 diceet
604 3758 733 3807 rescribit.
763 3760 785 3806 0
797 3710 1055 3819 featnsdiesdiominis:
1072 3758 1170 3822 sisap-

67 3825 154 3889 pellat
175 3823 295 3882 amicum,
319 3822 363 3886 qui
385 3822 434 3885 ipsl
450 3823 608 3872 bilaritatem
628 3823 740 3886 (quialem
758 3821 841 3872 festus
861 3821 928 3887 dies)
951 3819 1052 3871 afferat.
1085 3822 1173 3872 Instar

68 3888 133 3938 testi
145 3887 198 3936 diei
211 3885 317 3936 advenis
328 3887 397 3949 mibi,
413 3887 489 3936 bodie
501 3888 610 3950 primum
625 3887 731 3936 bomini.
765 3887 903 3936 Hominem
923 3899 951 3934 se
971 3887 1051 3936 sensit
1067 3885 1171 3937 felicem

71 3967 169 4011 amore,
188 3950 387 4000 etauiorenilsil
403 3959 442 4000 est
459 3951 601 4000 humanius.
636 3951 707 4000 Nibil
726 3951 806 4014 igitur
827 3951 938 3998 sensisse
957 3950 1032 3999 nobis
1051 3950 1172 4001 uidentur

70 4016 175 4077 critici,
190 4015 232 4079 qul
243 4020 333 4078 parum
345 4021 454 4064 venuste
465 4016 521 4064 baec
531 4022 641 4065 tentant.
662 4016 717 4079 Rip.
735 4013 904 4078 qrsae‘salve'
924 4016 1035 4063 collocat
1055 4030 1112 4064 cum
1130 4015 1172 4064 ed.

69 4081 170 4148 Delpb.
180 4081 206 4128 iu
218 4094 255 4128 vs.
268 4079 394 4146 sequenti.
428 4080 508 4130 Taces·
523 4080 580 4128 uidi
597 4080 642 4130 dut
661 4078 739 4128 Both.
761 4079 813 4143 qsii,
830 4078 943 4142 ‘Neque
960 4079 1060 4128 bominis
1076 4078 1175 4143 tripes:

73 4146 122 4210 alt,
136 4144 200 4194 ‘sed
211 4150 283 4196 reete
294 4142 480 4197 additur.'2·18
525 4145 626 4194 ominans
644 4159 676 4194 ex
695 4144 760 4192 Mss.
780 4141 934 4206 quibusdam
953 4142 1036 4194 edidit
1047 4145 1171 4195 Faie'mus.

1259 4078 1268 4235 l
