2678 4702
204 291 269 358 252
539 304 731 354 arctamus
755 304 967 358 utrumuis

205 449 332 527 ideoque
346 448 375 506 iu
391 445 561 527 dissyllabis
573 447 671 525 prior.¹
701 447 880 519 Priscianus,
893 468 924 528 p.
942 449 1031 506 128⁷.
1047 449 1191 511 ‘Acutus
1204 469 1289 512 acceo·

203 555 253 605 tus
268 544 346 624 apud
363 543 482 603 Latinos
495 542 555 603 dno
569 543 637 604 locs
649 544 748 616 habet,
762 544 954 624 penultimum
969 556 1000 604 et
1014 548 1289 625 antepenultimam

204 641 283 720 apud
300 640 423 701 Graecos
437 651 535 701 autem
550 652 582 702 et
594 639 747 702 ultimum!
788 641 826 700 Et
838 640 930 720 paulo
942 652 1031 720 post:
1056 644 1175 725 ‘Apud
1190 645 1289 705 Latium

202 737 231 795 iu
246 736 349 796 ultime
363 736 488 818 syllaba,
501 737 559 796 nisi
573 737 761 799 discretionis
774 756 876 810 cansa,
889 737 960 819 poni
973 758 1037 800 non
1053 739 1135 800 solet
1148 737 1291 802 accenms!

204 832 352 906 Donatus,
367 853 397 912 p.
414 835 501 894 1740.
523 832 644 893 ‘Tonus
659 843 775 906 ocutus,
793 833 906 892 cumin
922 833 1039 894 Graecis
1054 834 1239 897 dictionibus
1248 835 1291 895 trit

202 928 268 987 loca
281 939 391 1004 teneat,
406 930 553 1003 ultimum,
566 929 771 1011 penultimum,
786 941 816 989 et
825 929 1116 1008 antepenultimnm;
1131 942 1217 992 tenet
1227 930 1291 1011 epod

202 1023 322 1085 Latinos
331 1027 526 1107 penultimum
535 1038 565 1087 et
573 1025 849 1108 antepenultimam
863 1025 998 1086 ultimum
1009 1029 1195 1106 nunquam!
1213 1027 1292 1088 Muxi-

202 1137 267 1180 mus
282 1121 461 1197 Victorinus,
475 1144 505 1205 p.
521 1124 609 1183 1942.
631 1124 775 1196 ‘Acutus‚
790 1142 858 1184 cum
872 1122 951 1201 apud
966 1122 1095 1183 Grsecos
1109 1124 1172 1184 trin
1184 1123 1248 1186 locu
1257 1134 1292 1184 te·

201 1227 280 1289 nent,
305 1219 384 1298 apud
408 1239 463 1280 nos
477 1220 594 1282 dnobus
608 1230 722 1281 tantum
737 1220 808 1300 poni
821 1229 937 1299 potest;
960 1229 1012 1278 sut
1024 1220 1057 1279 in
1071 1219 1247 1301 penultima,
1258 1229 1293 1294 nt

200 1312 393 1395 preelegistisr
416 1328 468 1375 aut
480 1336 517 1377 ee
530 1337 598 1397 quoe
613 1335 630 1375 a
644 1317 703 1375 fine
716 1325 763 1375 est
776 1315 873 1388 tertie,
888 1323 931 1388 ut,
944 1313 1165 1395 praettgimus!
1205 1316 1293 1398 Olym·

199 1407 339 1487 piodorus
353 1412 383 1472 in
398 1413 565 1474 Aristotelis
582 1413 726 1484 Meteone,
738 1430 769 1491 p.
784 1413 836 1472 27.
848 1411 923 1470 Τόσι
936 1411 991 1490 μὲν
1000 1410 1121 1488 Γραικοὶ
1135 1415 1294 1487 ἐκλήθησαν,

200 1513 251 1563 νῦν
264 1505 295 1566 δὲ
303 1509 452 1583 Ἕλληνας.
467 1517 547 1571 τοῦτο
560 1507 593 1569 δὲ
605 1509 636 1569 τὸ
651 1507 741 1587 ὄνομα
754 1507 780 1566 oi
794 1507 849 1586 μὲν
860 1506 997 1585 Ῥωμαῖοι
1006 1509 1211 1586 παροξύνουσι,
1219 1507 1293 1586 Γραῖ·

199 1625 240 1661 σοι
254 1608 397 1680 λέγονται.
410 1610 427 1679 ἡ
441 1605 473 1666 δὲ
486 1613 562 1679 notri
576 1605 719 1666 διάλεκτος
733 1605 833 1677 όξόναι.
862 1603 998 1663 Καθόλου
1007 1601 1041 1663 δὲ
1056 1606 1085 1664 oi
1096 1604 1293 1684 Ῥωμαῖοισιίν

198 1698 288 1775 ὄνομα
310 1708 491 1779 παροξύνουσι
513 1702 560 1763 διὰ
580 1703 629 1762 τόν
654 1704 770 1777 κόμπον·
792 1700 859 1760 ὅθεν
869 1699 1127 1778 Ὑαορηνορόονσεσ
1142 1704 1294 1773 ἐκλήθησαν

198 1794 251 1854 ὑπὸ
265 1806 321 1855 σῦν
333 1809 465 1870 ποιητῶν.
508 1799 573 1858 Hoc
587 1808 651 1858 est:
671 1797 729 1865 Qui
744 1796 812 1857 olim
826 1797 939 1874 Γραικοὶ
953 1795 1035 1871 dicti,
1050 1817 1136 1858 nunc
1151 1798 1293 1878 appellat·

199 1897 246 1947 tur
260 1892 408 1966 Ἕλληνες.
450 1893 534 1956 Illius
549 1904 648 1954 eutem
660 1894 741 1955 verbi
755 1893 948 1974 penultimam
962 1893 1093 1954 Romani
1108 1904 1235 1967 acuunt,
1256 1892 1294 1952 di·

196 1998 298 2049 centes
321 1989 347 2051 Γ
345 2000 453 2067 ραῖιοις
475 1991 528 2054 sed
549 1990 713 2052 communis
729 2008 825 2051 sermo
840 1988 1224 2070 acuitultimam,1'pmrot.
1262 1987 1294 2048 Et

197 2084 355 2149 universim
370 2088 498 2149 Romani
512 2088 543 2150 in
556 2106 744 2169 quecumque
758 2105 831 2148 voce
846 2085 1038 2166 penultimam
1051 2085 1100 2146 rel
1126 2086 1294 2167 antepenul-

196 2181 297 2243 timum
311 2196 432 2260 acuunt,
445 2194 564 2266 propter
576 2185 685 2245 fastum
699 2193 730 2244 et
743 2181 1053 2264 grandiloquentiam:
1075 2182 1161 2243 unde
1176 2186 1295 2263 apo'e'tis

196 2276 336 2338 dicuntur
355 2280 616 2360 ’Υσερηνορέονσεσ,
635 2280 749 2341 feroces
775 2271 806 2339 ct
826 2276 1145 2359 superbi-Ceterum
1159 2279 1240 2361 quod
1252 2279 1295 2343 hio
1333 2280 1335 2311 ³

195 2374 284 2435 fastui
298 2377 408 2449 tribuit,
422 2377 452 2437 id
466 2377 593 2438 dialecto
601 2377 733 2449 AEolicoe,
745 2375 825 2437 unde
838 2375 943 2454 lingua
957 2372 1062 2433 Latino
1075 2385 1195 2455 partem
1210 2376 1294 2436 maxi·

195 2490 274 2531 nram
289 2473 435 2551 profluxit,
458 2472 566 2533 rectius
589 2472 757 2549 imputatur.
799 2469 954 2530 AEolenses
969 2469 1059 2542 enim,
1073 2478 1108 2534 ut
1123 2480 1231 2530 notum
1244 2481 1294 2544 est,
1332 2512 1335 2529 .

196 2570 352 2642 Βαρόσονσι
376 2577 478 2635 ernntz
509 2577 539 2629 et
563 2565 646 2639 Θέασ,
663 2566 760 2645 Ἀνηρ
785 2564 1026 2648 pronuntiabant,
1046 2582 1117 2625 cum
1144 2564 1195 2625 atii
1219 2565 1293 2636 Θιθι,
1333 2554 1335 2655 ζ

197 2660 298 2739 Ἀνήρ.
1036 2717 1041 2725 ,
1332 2658 1335 2681 ¹

235 2756 302 2815 Jem
316 2775 385 2817 vero
399 2757 429 2816 id
444 2754 556 2816 Latinis
570 2754 703 2827 comicis,
721 2754 773 2836 qui
797 2754 928 2815 Fabulas
950 2772 1020 2813 snus
1042 2755 1161 2835 populo
1183 2757 1291 2837 placere

194 2863 345 2932 cuperent,
365 2872 544 2936 magnopere
568 2851 733 2913 cavendum
756 2862 830 2924 erat,
850 2871 888 2910 ne
910 2858 1014 2910 contra
1037 2848 1155 2929 lingum
1179 2853 1290 2932 genium

193 2950 270 3010 ictus
294 2968 346 3008 seu
366 2960 506 3010 accentus
520 2950 550 3009 in
564 2969 682 3029 quoque
695 2968 781 3008 versu
797 2947 926 3027 syllabus
939 2947 1096 3007 verborum
1109 2949 1234 3010 ultimas
1247 2967 1289 3009 oc·

193 3056 347 3128 cuperent.
389 3045 424 3106 ld
446 3045 476 3105 in
501 3045 581 3106 omni
601 3057 705 3118 metro,
726 3042 826 3123 quoad
851 3042 943 3116 licuit,
964 3042 1199 3114 observabatum
1221 3057 1252 3105 ut
1262 3044 1288 3101 in
1333 3052 1335 3089 =

196 3143 262 3202 his:

311 3240 410 3298 'Arma
418 3238 575 3317 virumque
589 3237 675 3310 ceno,
690 3232 788 3314 Trojae'
802 3234 852 3313 qni
865 3232 976 3313 primus
990 3234 1028 3294 ab
1043 3232 1105 3294 bris

314 3332 430 3392 Ititiam
444 3330 507 3392 turo
520 3329 665 3409 profugus
680 3329 849 3409 Lavinaque
862 3328 945 3391 venit

313 3425 441 3504 bittorar
460 3425 584 3486 multum
598 3424 648 3486 ille
662 3436 693 3486 et
705 3424 789 3486 terris
799 3422 931 3506 jactitas
943 3433 973 3484 et
987 3421 1049 3484 ulto
1153 3436 1159 3447 ·

310 3521 348 3581 Vi
360 3523 511 3604 superum,
525 3521 622 3584 saevos
637 3521 794 3584 memorem
808 3518 935 3582 Junbnis
950 3520 987 3579 ob
1002 3517 1087 3580 iram.

191 3661 250 3732 Qui
264 3660 357 3743 perite
372 3669 402 3720 et
416 3658 567 3721 modulate
579 3659 635 3720 hos
649 3678 749 3720 versus
764 3657 854 3736 leget,
869 3656 913 3715 sic
926 3675 989 3729 eos,
1007 3666 1042 3716 ut
1054 3656 1104 3716 hic
1119 3659 1281 3719 nocentibus
1329 3725 1335 3740 ἱ

189 3748 339 3832 notantur,
359 3757 581 3837 pronuntiabit3
604 3776 674 3829 non,
696 3765 730 3815 ut
750 3754 832 3834 pueri
853 3752 883 3811 in
905 3751 1025 3823 scholis,
1047 3751 1088 3817 nd
1108 3753 1280 3836 singulorum
1330 3741 1335 3765 ⁴

190 3858 300 3935 pedum
314 3855 408 3929 initia,

308 3984 433 4049 ‘ltalitm
447 3984 509 4046 fato
523 3981 665 4065 profugis
680 3977 849 4058 Lavinaque
863 3975 953 4047 venit,

190 4096 243 4158 sed
256 4097 295 4159 ad
309 4099 476 4179 rhythmum
490 4098 582 4167 totius
595 4114 708 4159 versus.
751 4091 808 4154 Ubi
822 4088 906 4152 nulla
918 4105 987 4160 vox,
1009 4096 1043 4148 ut
1064 4089 1161 4166 rides,
1184 4107 1277 4153 accen·
1330 4107 1335 4141 τ
