2678 4702
262 334 295 381 π.
318 331 501 380 'ruunmrrr
525 321 616 380 nrm
642 332 815 382 nuuucrrr
841 335 923 384 nor.
941 337 965 383 1.
989 335 1042 384 sc.
1059 337 1083 383 1.
1153 320 1219 386 tos

447 543 600 610 ACTUS
624 545 655 610 Ι.
685 545 844 612 SCENA
867 546 897 611 Ι.

467 720 657 768 PHAEDRIA.
682 722 875 771 PARMENO.

118 814 191 881 Pir.
215 816 320 895 Quin
336 820 435 903 igitur
449 821 595 885 iaciaml
610 842 678 890 non
692 823 792 888 eemt
806 843 847 887 ue
861 843 949 888 nuuc
963 823 1109 907 quidem,

117 917 208 982 Cum
223 939 376 985 arcessor
389 921 501 986 ultrol
519 943 560 986 an
573 924 689 1007 potius
704 925 755 990 ita
769 945 823 989 me
841 945 1043 1009 comparem,

116 1019 201 1084 Non
217 1023 345 1105 perpeti
359 1026 571 1088 meretricum
586 1027 829 1091 contumelias?

116 1120 296 1188 Exclusit:
310 1130 466 1189 revocet:
489 1126 647 1190 redeaml
662 1145 739 1204 non,
754 1128 851 1191 sime
867 1128 1029 1191 obsecret.
1210 1196 1214 1204 ,

115 1220 187 1284 ΡΑ.
210 1222 249 1287 Si
263 1223 396 1307 quidem
410 1227 517 1291 hercle
532 1229 656 1311 possis,
671 1229 752 1292 nihil
767 1229 875 1312 prius,
893 1248 1004 1312 neque
1017 1228 1156 1294 fortius:
1193 1231 1216 1294 5

112 1316 243 1390 Verum
259 1325 289 1388 si
304 1325 457 1410 incipies,
472 1348 578 1411 neque
599 1329 779 1412 pertendes
794 1331 944 1411 naviter3

112 1423 232 1506 Atque
246 1426 304 1489 ubi
319 1428 391 1508 peti
406 1449 474 1493 non
489 1431 628 1512 poteris,
644 1451 719 1495 cum
735 1452 832 1496 nemo
848 1438 994 1516 expetet,

113 1525 249 1592 lufecta
262 1546 362 1610 pace,
378 1532 464 1594 ultro
480 1531 522 1595 ad
539 1551 614 1596 eam
630 1533 756 1611 venies,
770 1533 923 1597 indicans

111 1625 304 1704 Temere,
319 1635 352 1694 et
365 1629 449 1696 terre
464 1651 529 1695 non
546 1651 666 1715 poss03
683 1639 795 1697 ectum
811 1634 881 1697 est!
896 1633 1007 1697 ilicetl

111 1727 241 1817 i'eristi
256 1731 263 1794 !
279 1729 403 1808 eludet,
418 1733 476 1796 ubi
492 1739 524 1797 te
541 1734 667 1798 victum
681 1734 827 1798 senserit.
1173 1735 1215 1800 10

109 1828 220 1893 Proin
235 1837 282 1927 tu,
299 1832 379 1896 dum
395 1840 446 1896 est
460 1839 602 1917 tempuS,
618 1835 720 1900 etiam
736 1843 839 1919 utque
855 1837 956 1900 etiam
973 1835 1095 1917 cogita,

127 2037 130 2040 .
144 1997 203 2047 Pu.
223 1999 289 2054 Quis
297 1999 374 2061 igiter
389 1998 477 2060 mom?
493 2017 565 2062 egone
576 2002 640 2050 iilum
651 2016 695 2049 πππ
706 1999 806 2051 adeam?
822 2016 850 2049 ec
860 2015 890 2050 oe
903 2002 996 2064 quidem
1006 2018 1076 2064 πππο,
1091 2018 1143 2052 cem
1159 2005 1211 2068 ipso

101 2063 189 2127 ‚iberis
204 2068 286 2124 sponte
299 2079 335 2111 me
345 2062 428 2113 occet?
444 2079 475 2113 ππ
484 2067 563 2128 potius
572 2066 609 2113 ito
619 2080 655 2113 me
663 2080 754 2127 parem,
765 2068 791 2112 st
799 2070 909 2127 perpetuo
920 2080 966 2113 ποπ
971 2065 1052 2123 seram
1063 2069 1212 2117 nteretricum

106 2124 235 2187 murice?
252 2127 353 2190 Expulit
357 2128 435 2189 soros,
446 2142 527 2178 rursus
537 2128 650 2178 accersit:
666 2134 800 2177 revertam
817 2131 849 2177 ud
864 2127 951 2179 iilum?
969 2130 1036 2191 Non,
1051 2130 1073 2178 si
1090 2145 1212 2193 perscore

108 2190 192 2238 omnia
203 2205 240 2238 me
249 2191 383 2242 obtestetur.
417 2192 466 2242 ΡΑ.
487 2195 533 2242 Per
544 2193 681 2249 Herculem,
691 2193 713 2240 si
725 2193 817 2254 quidem
826 2194 904 2241 velem
914 2192 940 2241 id
944 2194 1037 2253 secere,
1047 2194 1109 2242 nibil
1119 2195 1212 2259 melius,

106 2269 186 2316 neque
193 2256 361 2316 prestantius:
377 2271 457 2304 oerum
474 2259 506 2318 si,
522 2258 562 2306 sbi
580 2257 703 2320 inceperis,
721 2272 766 2304 ποπ
784 2255 942 2319 perseverabis
954 2257 1063 2314 sortiter,
1074 2263 1155 2321 atque,
1171 2259 1212 2309 teli

106 2319 213 2380 emplius
223 2319 270 2366 vim
281 2320 367 2367 amerb
372 2319 442 2379 serre
452 2336 497 2369 noo
507 2323 620 2383 potueris,
630 2322 652 2369 si
661 2322 692 2368 ud
704 2320 824 2379 Tbuidm,
836 2321 932 2369 rniuime
942 2324 966 2369 te
976 2321 1155 2382 desiderantem,
1165 2338 1211 2373 πππ

106 2382 263 2430 reconciliata
272 2398 338 2446 poce,
349 2386 427 2434 volens
437 2385 534 2445 redibis,
545 2387 667 2434 osteudens
676 2389 700 2431 te
709 2384 758 2443 ejus
769 2398 847 2432 ornere
857 2386 949 2442 ardere,
956 2399 1028 2450 neque
1037 2384 1136 2448 effletui
1146 2401 1212 2447 posse

106 2447 238 2501 resisteret
253 2448 375 2510 desperata
393 2447 431 2498 res
445 2455 489 2507 est,
499 2449 582 2497 statim
599 2448 707 2510 perditus
725 2448 787 2496 eris:
803 2449 845 2497 itto
863 2448 964 2496 ludibrio
974 2454 997 2496 te
1015 2449 1117 2510 babebit,
1132 2450 1172 2496 ubi
1188 2456 1214 2499 te

105 2511 226 2558 domitum
236 2525 251 2558 a
261 2526 286 2559 se
296 2514 439 2574 cognomrit.
473 2513 566 2576 ltaque,
583 2513 640 2560 dsm
655 2525 698 2574 per
714 2517 804 2575 tempus
821 2512 887 2575 licet,
904 2527 957 2561 eum
976 2514 1077 2561 nondum
1088 2515 1212 2575 quiequam

571 2657 752 2676 ‘W

143 2757 157 2801 1
172 2753 229 2801 Non
240 2750 322 2815 comi]
334 2753 375 2802 Ita
387 2753 504 2815 distinxi,
513 2760 616 2804 secutus
628 2754 809 2803 auctoritatem
819 2754 877 2801 Vel.
887 2753 978 2811 Probi,
988 2752 1084 2802 veteris
1095 2755 1211 2805 Terentii

105 2817 275 2879 interpretis,
290 2831 365 2880 quem
384 2818 472 2867 laudat
490 2820 541 2866 lio.
564 2819 616 2866 Sed
633 2827 661 2866 et
680 2818 717 2866 ite
734 2817 817 2865 edidit
837 2816 929 2877 Aldus,
946 2816 1060 2872 Febrini,
1077 2819 1210 2870 namatii.

105 2882 164 2931 Pro
178 2881 282 2940 vulgata
293 2887 379 2929 tannen
391 2881 557 2930 distinctione
569 2880 654 2930 fucere
668 2881 771 2929 videtur
780 2881 853 2928 locus
866 2879 932 2928 Anu.
941 2893 960 2927 1.
971 2883 996 2926 2.
1008 2882 1048 2928 30.
1067 2879 1142 2928 West.
1166 2882 1210 2932 lta

106 2958 213 3011 quoque
225 2945 302 2992 Botb.
329 2945 400 2995 Peri.
411 2946 459 2994 Br.
470 2953 497 2995 et
509 2946 586 2994 Bent.
603 2947 734 3008 vulgarent
747 2946 810 2992 lect.
823 2945 1054 3003 heberitarum,
1066 2958 1095 2991 ste
1105 2958 1210 2992 outre.-

105 3015 123 3060 2
147 3008 180 3057 In
203 3006 229 3057 J.
253 3009 314 3056 Cum
337 3009 473 3059 omittitur.
507 3010 553 3058 Br.
575 3015 735 3058 accersam—5
760 3007 906 3057 Secundum
931 3008 1063 3055 Donatum
1087 3008 1209 3057 Phoedrin

105 3074 164 3122 brec
185 3086 272 3120 secum
289 3073 411 3136 loquitur.
446 3074 514 3122 Hinc
534 3075 579 3124 Fa.
599 3075 720 3123 inductus
740 3087 797 3121 esse
817 3072 930 3130 videtur,
947 3078 985 3132 ut,
1001 3076 1091 3119 contra
1109 3085 1208 3135 omnes,

105 3151 174 3202 quos
190 3135 297 3184 viderim
313 3136 389 3186 codd.
414 3138 542 3186 Pbedriae
562 3138 687 3187 tribueret
704 3137 788 3185 omnis
807 3150 887 3198 usque
907 3135 939 3182 sd
951 3149 988 3183 vs.
1001 3138 1041 3182 12.
1061 3135 1140 3185 Male.
1162 3138 1209 3185 Et'-

104 3201 176 3250 enim
190 3200 223 3247 ab
237 3200 284 3248 boc
302 3215 339 3250 vs.
357 3207 382 3249 6.
399 3214 479 3264 usqne
498 3202 530 3250 ed
550 3206 591 3250 25.
614 3217 671 3250 esse
689 3206 843 3264 perpetuam
861 3198 1028 3246 Parmenonis
1050 3200 1208 3250 consulentis

105 3265 254 3315 orationem
267 3270 338 3312 recte
349 3265 410 3313 oiim
422 3266 485 3314 vidit
497 3267 567 3314 Mur.
584 3266 658 3315 Bent.
692 3265 770 3313 Both.
780 3264 817 3312 cit
831 3261 978 3322 fortine—6
994 3262 1028 3311 G.
1041 3263 1070 3310 1².
1086 3271 1114 3312 et
1131 3263 1218 3313 Liud.

104 3344 141 3379 ex
154 3328 272 3378 Citerisio
283 3330 400 3388 laudaut,
415 3345 489 3391 neque
499 3331 537 3392 pol
548 3331 627 3378 tendes
638 3330 738 3378 noviter.
766 3327 1130 3388 Praestetsutemvrtlgstum.
1165 3328 1207 3378 Sic

104 3392 206 3444 Heaut.
218 3405 244 3441 v.
255 3397 279 3441 6.
292 3397 316 3442 9.
334 3393 365 3440 In
376 3393 447 3455 Lips.
465 3394 558 3441 statiis
575 3402 625 3455 est,
640 3393 755 3458 perficies.
775 3392 853 3441 west.
888 3390 1002 3456 Perficies
1018 3391 1122 3455 noviter]
1145 3393 1207 3441 Per-

103 3459 188 3506 tendes
199 3455 301 3518 neoda,
319 3456 421 3505 videtur
439 3457 584 3521 antiquius:
602 3458 669 3520 quod
686 3458 713 3504 iu
731 3457 805 3505 Bem.
825 3461 854 3505 et
872 3455 1000 3504 nonnullis
1020 3456 1076 3504 aliis
1093 3457 1207 3520 antiquis

103 3521 168 3570 libb.
188 3528 237 3568 est.
255 3521 302 3569 Fu.
336 3521 427 3569 Nostri
444 3522 547 3584 quidem
565 3522 682 3586 perficies:
698 3521 743 3569 sed
764 3520 893 3568 Citerisius
906 3533 932 3582 p.
946 3523 1001 3567 leti.
1017 3520 1161 3568 etServius
1173 3521 1206 3570 ed

103 3586 163 3634 AEn.
174 3598 194 3632 r.
205 3588 246 3632 41.
259 3586 393 3646 pertendes.
410 3586 489 3634 Bent.
507 3585 580 3633 Alias
596 3587 721 3648 pertendes
737 3586 829 3632 Ere?
847 3585 914 3646 Guy.
931 3592 1029 3646 praeter
1040 3585 1144 3646 genium
1157 3585 1206 3632 Te·

104 3648 219 3697 rentiani
239 3649 373 3711 sermonis,
387 3664 440 3697 cum
455 3663 515 3698 oeno
533 3655 635 3712 expetet,
655 3651 678 3696 b.
696 3663 719 3698 e.
738 3662 795 3696 cum
814 3662 855 3696 res
871 3662 922 3695 uon
941 3655 1056 3708 expetet.
1077 3648 1205 3696 wem—e

103 3714 152 3760 Br.
177 3713 241 3760 Eam
256 3716 280 3759 te
296 3726 385 3761 amere.
403 3713 436 3762 G.
454 3721 482 3761 et
500 3712 584 3762 Gueif.
602 3718 626 3762 2.
643 3717 721 3760 ectum
738 3712 916 3760 ilicem-10
934 3711 997 3758 GM.
1013 3712 1088 3758 eludet
1109 3715 1203 3760 te.-ll

105 3777 175 3825 Sunt
188 3776 249 3823 libb.
263 3782 341 3838 atque
353 3777 378 3825 in
391 3776 421 3823 iis
434 3777 503 3838 Lips.
515 3784 543 3826 et
556 3778 601 3824 Br.
613 3775 690 3824 codd.
707 3775 751 3822 ubi
763 3776 804 3822 bic
820 3790 857 3824 vs.
872 3775 994 3823 tribuitur
1005 3775 1147 3822 Ptraedrite:
1165 3774 1203 3823 its

104 3854 211 3905 quoque
223 3840 253 3889 Ζ.
263 3839 349 3888 habet.
363 3840 440 3888 Bent.
453 3840 524 3891 Peri.
542 3845 569 3890 et
579 3839 657 3889 Both.
675 3840 764 3902 legunt
781 3845 808 3888 et
819 3839 997 3900 distinguunt:
1016 3838 1091 3885 Proin
1102 3842 1138 3901 ts,
1147 3839 1203 3887 dum

602 3969 710 4019 NOTAE

137 4070 151 4114 1
172 4064 238 4120 Quid
249 4063 336 4127 igitur]
354 4063 413 4113 Hoc
430 4063 540 4128 ‘igitur’
558 4065 636 4128 signi·
675 4065 725 4115 isse
746 4063 911 4124 collocutum,
932 4058 1080 4125 priusquam
1102 4058 1129 4108 in
1142 4073 1202 4127 sce·

101 4139 335 4204 tercenarium
347 4137 635 4205 multecumservofu·
674 4153 734 4191 nam
745 4136 870 4205 prodiret.
957 4134 961 4141 ‘
