<?xml version="1.0" encoding="UTF-8"?>
<!DOCTYPE html PUBLIC "-//W3C//DTD XHTML 1.0 Transitional//EN"
    "http://www.w3.org/TR/xhtml1/DTD/xhtml1-transitional.dtd">
<html xmlns="http://www.w3.org/1999/xhtml" xml:lang="en" lang="en">
 <head>
  <title>
</title>
<meta http-equiv="Content-Type" content="text/html;charset=utf-8" />
  <meta name='ocr-system' content='tesseract 3.04.00' />
  <meta name='ocr-capabilities' content='ocr_page ocr_carea ocr_par ocr_line ocrx_word'/>
</head>
<body>
  <div class='ocr_page' id='page_1' title='image "./comoedisex03westgoog_0328.png"; bbox 0 0 2678 4702; ppageno 0'>
   <div class='ocr_carea' id='block_1_1' title="bbox 338 319 1108 383">
    <p class='ocr_par' dir='ltr' id='par_1_1' title="bbox 338 319 1108 383">
     <span class='ocr_line' id='line_1_1' title="bbox 338 319 1108 383; baseline 0.006 -5"><span class='ocrx_word' id='word_1_1' title='bbox 338 330 494 378; x_wconf 72' lang='lat' dir='ltr'>Annium</span> <span class='ocrx_word' id='word_1_2' title='bbox 519 332 599 379; x_wconf 71' lang='lat' dir='ltr'>Ac&#39;r.</span> <span class='ocrx_word' id='word_1_3' title='bbox 618 330 659 380; x_wconf 88' lang='lat'>11.</span> <span class='ocrx_word' id='word_1_4' title='bbox 682 331 735 380; x_wconf 85' lang='lat' dir='ltr'>sc.</span> <span class='ocrx_word' id='word_1_5' title='bbox 752 331 790 379; x_wconf 89' lang='lat'>11.</span> <span class='ocrx_word' id='word_1_6' title='bbox 1041 319 1108 383; x_wconf 75' lang='lat'>318</span> 
     </span>
    </p>
   </div>
   <div class='ocr_carea' id='block_1_2' title="bbox 84 472 1111 1165">
    <p class='ocr_par' dir='ltr' id='par_1_2' title="bbox 84 472 1108 557">
     <span class='ocr_line' id='line_1_2' title="bbox 84 472 1108 557; baseline 0.006 -21"><span class='ocrx_word' id='word_1_7' title='bbox 84 473 273 556; x_wconf 79' lang='lat' dir='ltr'>:umspioinz</span> <span class='ocrx_word' id='word_1_8' title='bbox 285 491 466 555; x_wconf 84' lang='lat' dir='ltr'><strong>nusquam:</strong></span> <span class='ocrx_word' id='word_1_9' title='bbox 481 473 566 538; x_wconf 87' lang='lat' dir='ltr'>forto</span> <span class='ocrx_word' id='word_1_10' title='bbox 578 473 625 537; x_wconf 92' lang='lat' dir='ltr'>ibi</span> <span class='ocrx_word' id='word_1_11' title='bbox 636 473 735 557; x_wconf 85' lang='lat' dir='ltr'>hujus</span> <span class='ocrx_word' id='word_1_12' title='bbox 744 475 845 539; x_wconf 84' lang='lat' dir='ltr'>video</span> <span class='ocrx_word' id='word_1_13' title='bbox 857 472 1049 557; x_wconf 80' lang='lat' dir='ltr'>Byrrhinm:</span> <span class='ocrx_word' id='word_1_14' title='bbox 1063 477 1108 541; x_wconf 78' lang='lat'>20</span> 
     </span>
    </p>

    <p class='ocr_par' dir='ltr' id='par_1_3' title="bbox 84 573 1085 660">
     <span class='ocr_line' id='line_1_3' title="bbox 84 573 1085 660; baseline 0.002 -22"><span class='ocrx_word' id='word_1_15' title='bbox 84 595 113 652; x_wconf 70' lang='lat' dir='ltr'>go</span> <span class='ocrx_word' id='word_1_16' title='bbox 126 595 133 638; x_wconf 93' lang='lat'><strong>:</strong></span> <span class='ocrx_word' id='word_1_17' title='bbox 146 582 246 656; x_wconf 86' lang='lat' dir='ltr'>negat</span> <span class='ocrx_word' id='word_1_18' title='bbox 262 573 408 638; x_wconf 85' lang='lat' dir='ltr'>vidisse:</span> <span class='ocrx_word' id='word_1_19' title='bbox 431 573 512 638; x_wconf 91' lang='lat' dir='ltr'>mihi</span> <span class='ocrx_word' id='word_1_20' title='bbox 526 576 720 641; x_wconf 86' lang='lat' dir='ltr'><strong>molestum:</strong></span> <span class='ocrx_word' id='word_1_21' title='bbox 743 575 823 660; x_wconf 92' lang='lat' dir='ltr'>quid</span> <span class='ocrx_word' id='word_1_22' title='bbox 838 594 947 659; x_wconf 80' lang='lat' dir='ltr'><strong>egum,</strong></span> <span class='ocrx_word' id='word_1_23' title='bbox 962 579 1085 659; x_wconf 81' lang='lat' dir='ltr'>cogito.</span> 
     </span>
    </p>

    <p class='ocr_par' dir='ltr' id='par_1_4' title="bbox 84 675 1044 760">
     <span class='ocr_line' id='line_1_4' title="bbox 84 675 1044 760; baseline 0.004 -22"><span class='ocrx_word' id='word_1_24' title='bbox 84 676 184 739; x_wconf 88' lang='lat' dir='ltr'>ieunti</span> <span class='ocrx_word' id='word_1_25' title='bbox 206 676 330 739; x_wconf 84' lang='lat' dir='ltr'>intereo</span> <span class='ocrx_word' id='word_1_26' title='bbox 344 694 388 739; x_wconf 84' lang='lat' dir='ltr'>cx</span> <span class='ocrx_word' id='word_1_27' title='bbox 402 676 479 759; x_wconf 80' lang='lat' dir='ltr'>ipsa</span> <span class='ocrx_word' id='word_1_28' title='bbox 491 695 526 739; x_wconf 85' lang='lat' dir='ltr'>rc</span> <span class='ocrx_word' id='word_1_29' title='bbox 540 676 620 741; x_wconf 89' lang='lat' dir='ltr'>mihi</span> <span class='ocrx_word' id='word_1_30' title='bbox 635 675 753 741; x_wconf 87' lang='lat' dir='ltr'>incidit</span> <span class='ocrx_word' id='word_1_31' title='bbox 765 678 936 760; x_wconf 85' lang='lat' dir='ltr'>suspicio:</span> <span class='ocrx_word' id='word_1_32' title='bbox 959 678 1044 755; x_wconf 83' lang='lat' dir='ltr'><strong>hem,</strong></span> 
     </span>
    </p>

    <p class='ocr_par' dir='ltr' id='par_1_5' title="bbox 84 775 1033 862">
     <span class='ocr_line' id='line_1_5' title="bbox 84 775 1033 862; baseline 0.007 -24"><span class='ocrx_word' id='word_1_33' title='bbox 84 777 195 839; x_wconf 77' lang='lat' dir='ltr'>unium</span> <span class='ocrx_word' id='word_1_34' title='bbox 209 775 348 840; x_wconf 87' lang='lat' dir='ltr'>obsoni:</span> <span class='ocrx_word' id='word_1_35' title='bbox 372 776 470 859; x_wconf 80' lang='lat' dir='ltr'>ipsus</span> <span class='ocrx_word' id='word_1_36' title='bbox 482 777 609 842; x_wconf 85' lang='lat' dir='ltr'>tristis:</span> <span class='ocrx_word' id='word_1_37' title='bbox 632 776 674 841; x_wconf 85' lang='lat' dir='ltr'>de</span> <span class='ocrx_word' id='word_1_38' title='bbox 689 778 872 860; x_wconf 84' lang='lat' dir='ltr'>improviso</span> <span class='ocrx_word' id='word_1_39' title='bbox 885 780 1033 862; x_wconf 85' lang='lat' dir='ltr'>nuptiae:</span> 
     </span>
    </p>

    <p class='ocr_par' dir='ltr' id='par_1_6' title="bbox 84 875 1108 1044">
     <span class='ocr_line' id='line_1_6' title="bbox 84 875 1108 969; baseline 0.005 -29"><span class='ocrx_word' id='word_1_40' title='bbox 84 877 298 969; x_wconf 78' lang='lat' dir='ltr'>acohaerent.</span> <span class='ocrx_word' id='word_1_41' title='bbox 342 876 410 940; x_wconf 75' lang='grc' dir='ltr'>ΡΑ.</span> <span class='ocrx_word' id='word_1_42' title='bbox 437 875 687 954; x_wconf 82' lang='lat' dir='ltr'><strong>Quorsumnam</strong></span> <span class='ocrx_word' id='word_1_43' title='bbox 709 879 823 942; x_wconf 85' lang='lat' dir='ltr'>istuci</span> <span class='ocrx_word' id='word_1_44' title='bbox 869 878 941 943; x_wconf 75' lang='lat' dir='ltr'>Du.</span> <span class='ocrx_word' id='word_1_45' title='bbox 967 880 1040 963; x_wconf 78' lang='lat' dir='ltr'>Ego</span> <span class='ocrx_word' id='word_1_46' title='bbox 1055 898 1108 945; x_wconf 86' lang='lat' dir='ltr'>me</span> 
     </span>
     <span class='ocr_line' id='line_1_7' title="bbox 142 976 556 1044; baseline 0.005 -3"><span class='ocrx_word' id='word_1_47' title='bbox 142 977 298 1042; x_wconf 87' lang='lat' dir='ltr'>continno</span> <span class='ocrx_word' id='word_1_48' title='bbox 312 978 356 1043; x_wconf 85' lang='lat' dir='ltr'>ad</span> <span class='ocrx_word' id='word_1_49' title='bbox 371 976 556 1044; x_wconf 84' lang='lat' dir='ltr'><strong>Chremem.</strong></span> 
     </span>
    </p>

    <p class='ocr_par' dir='ltr' id='par_1_7' title="bbox 84 1078 1111 1165">
     <span class='ocr_line' id='line_1_8' title="bbox 84 1078 1111 1165; baseline 0.006 -23"><span class='ocrx_word' id='word_1_50' title='bbox 84 1078 189 1143; x_wconf 91' lang='lat' dir='ltr'>nilioc</span> <span class='ocrx_word' id='word_1_51' title='bbox 201 1079 364 1144; x_wconf 82' lang='lat' dir='ltr'>advenio:</span> <span class='ocrx_word' id='word_1_52' title='bbox 380 1079 528 1146; x_wconf 86' lang='lat' dir='ltr'>solitudo</span> <span class='ocrx_word' id='word_1_53' title='bbox 539 1086 617 1148; x_wconf 84' lang='lat' dir='ltr'>unio</span> <span class='ocrx_word' id='word_1_54' title='bbox 630 1082 768 1147; x_wconf 88' lang='lat' dir='ltr'>ostium:</span> <span class='ocrx_word' id='word_1_55' title='bbox 780 1080 852 1165; x_wconf 81' lang='lat' dir='ltr'>jum</span> <span class='ocrx_word' id='word_1_56' title='bbox 864 1082 899 1146; x_wconf 95' lang='lat' dir='ltr'>id</span> <span class='ocrx_word' id='word_1_57' title='bbox 911 1082 1052 1164; x_wconf 80' lang='lat' dir='ltr'>gaudeo.</span> <span class='ocrx_word' id='word_1_58' title='bbox 1066 1082 1111 1148; x_wconf 78' lang='lat'>25</span> 
     </span>
    </p>
   </div>
   <div class='ocr_carea' id='block_1_3' title="bbox 106 1179 1112 1346">
    <p class='ocr_par' dir='ltr' id='par_1_8' title="bbox 106 1179 1112 1346">
     <span class='ocr_line' id='line_1_9' title="bbox 106 1179 1112 1265; baseline 0.003 -22"><span class='ocrx_word' id='word_1_59' title='bbox 106 1179 217 1244; x_wconf 83' lang='lat' dir='ltr'>Recto</span> <span class='ocrx_word' id='word_1_60' title='bbox 241 1180 340 1245; x_wconf 84' lang='lat' dir='ltr'>uicis.</span> <span class='ocrx_word' id='word_1_61' title='bbox 385 1180 451 1247; x_wconf 76' lang='lat' dir='ltr'>Pe.</span> <span class='ocrx_word' id='word_1_62' title='bbox 474 1181 588 1265; x_wconf 82' lang='lat' dir='ltr'><strong>Perge.</strong></span> <span class='ocrx_word' id='word_1_63' title='bbox 634 1184 707 1248; x_wconf 75' lang='lat' dir='ltr'>DA.</span> <span class='ocrx_word' id='word_1_64' title='bbox 731 1183 867 1248; x_wconf 78' lang='lat' dir='ltr'>Moneo.</span> <span class='ocrx_word' id='word_1_65' title='bbox 910 1182 1041 1248; x_wconf 82' lang='lat' dir='ltr'><strong>Interea</strong></span> <span class='ocrx_word' id='word_1_66' title='bbox 1063 1182 1112 1246; x_wconf 92' lang='lat' dir='ltr'>in·</span> 
     </span>
     <span class='ocr_line' id='line_1_10' title="bbox 143 1280 426 1346; baseline 0.011 -3"><span class='ocrx_word' id='word_1_67' title='bbox 143 1280 247 1344; x_wconf 84' lang='lat' dir='ltr'>troiro</span> <span class='ocrx_word' id='word_1_68' title='bbox 260 1280 426 1346; x_wconf 80' lang='lat' dir='ltr'>nominem</span> 
     </span>
    </p>
   </div>
   <div class='ocr_carea' id='block_1_4' title="bbox 84 1382 1111 1569">
    <p class='ocr_par' dir='ltr' id='par_1_9' title="bbox 84 1382 1111 1569">
     <span class='ocr_line' id='line_1_11' title="bbox 85 1382 1025 1456; baseline 0.004 -10"><span class='ocrx_word' id='word_1_69' title='bbox 85 1401 141 1456; x_wconf 86' lang='lat' dir='ltr'>co,</span> <span class='ocrx_word' id='word_1_70' title='bbox 156 1382 249 1446; x_wconf 84' lang='lat' dir='ltr'>exire</span> <span class='ocrx_word' id='word_1_71' title='bbox 261 1383 448 1449; x_wconf 88' lang='lat' dir='ltr'>neminem:</span> <span class='ocrx_word' id='word_1_72' title='bbox 470 1392 655 1449; x_wconf 81' lang='lat' dir='ltr'>matronam</span> <span class='ocrx_word' id='word_1_73' title='bbox 670 1385 819 1451; x_wconf 85' lang='lat' dir='ltr'>nuliam:</span> <span class='ocrx_word' id='word_1_74' title='bbox 842 1385 877 1449; x_wconf 93' lang='lat' dir='ltr'>in</span> <span class='ocrx_word' id='word_1_75' title='bbox 893 1385 1025 1450; x_wconf 86' lang='lat' dir='ltr'>aedibus</span> 
     </span>
     <span class='ocr_line' id='line_1_12' title="bbox 84 1482 1111 1569; baseline 0.006 -23"><span class='ocrx_word' id='word_1_76' title='bbox 84 1482 112 1546; x_wconf 88' lang='lat' dir='ltr'>il</span> <span class='ocrx_word' id='word_1_77' title='bbox 123 1483 242 1562; x_wconf 81' lang='lat' dir='ltr'>ornati,</span> <span class='ocrx_word' id='word_1_78' title='bbox 257 1483 339 1549; x_wconf 90' lang='lat' dir='ltr'>nihii</span> <span class='ocrx_word' id='word_1_79' title='bbox 353 1485 503 1551; x_wconf 89' lang='lat' dir='ltr'>tumulti:</span> <span class='ocrx_word' id='word_1_80' title='bbox 520 1486 668 1550; x_wconf 80' lang='lat' dir='ltr'>accessi:</span> <span class='ocrx_word' id='word_1_81' title='bbox 685 1485 769 1550; x_wconf 86' lang='lat' dir='ltr'>intro</span> <span class='ocrx_word' id='word_1_82' title='bbox 781 1487 913 1569; x_wconf 82' lang='lat' dir='ltr'>aspexi.</span> <span class='ocrx_word' id='word_1_83' title='bbox 937 1485 1005 1550; x_wconf 72' lang='grc' dir='ltr'>ΡΑ.</span> <span class='ocrx_word' id='word_1_84' title='bbox 1018 1485 1111 1552; x_wconf 90' lang='lat' dir='ltr'>Scio.</span> 
     </span>
    </p>
   </div>
   <div class='ocr_carea' id='block_1_5' title="bbox 84 1662 1118 2303">
    <p class='ocr_par' dir='ltr' id='par_1_10' title="bbox 84 1662 1118 2303">
     <span class='ocr_line' id='line_1_13' title="bbox 84 1662 1115 1729; baseline 0.004 -20"><span class='ocrx_word' id='word_1_85' title='bbox 84 1680 95 1712; x_wconf 67' lang='lat' dir='ltr'>v.</span> <span class='ocrx_word' id='word_1_86' title='bbox 129 1662 253 1724; x_wconf 69' lang='lat' dir='ltr'><strong>Nusquam</strong></span> <span class='ocrx_word' id='word_1_87' title='bbox 265 1676 307 1724; x_wconf 78' lang='lat' dir='ltr'>ego</span> <span class='ocrx_word' id='word_1_88' title='bbox 318 1669 342 1710; x_wconf 87' lang='lat' dir='ltr'>te</span> <span class='ocrx_word' id='word_1_89' title='bbox 352 1663 447 1726; x_wconf 67' lang='lat' dir='ltr'>ospicio.</span> <span class='ocrx_word' id='word_1_90' title='bbox 475 1663 592 1712; x_wconf 80' lang='lat' dir='ltr'>Forter‘irr&#39;</span> <span class='ocrx_word' id='word_1_91' title='bbox 601 1663 670 1724; x_wconf 71' lang='lat' dir='ltr'>iruy&#39;ur</span> <span class='ocrx_word' id='word_1_92' title='bbox 679 1664 781 1714; x_wconf 76' lang='lat' dir='ltr'>Cicurini</span> <span class='ocrx_word' id='word_1_93' title='bbox 789 1679 881 1714; x_wconf 78' lang='lat' dir='ltr'>cereum</span> <span class='ocrx_word' id='word_1_94' title='bbox 892 1663 1022 1729; x_wconf 75' lang='lat' dir='ltr'>Byrriiom</span> <span class='ocrx_word' id='word_1_95' title='bbox 1032 1663 1099 1713; x_wconf 84' lang='lat' dir='ltr'>rideo</span> <span class='ocrx_word' id='word_1_96' title='bbox 1106 1678 1115 1720; x_wconf 92' lang='lat'>,·</span> 
     </span>
     <span class='ocr_line' id='line_1_14' title="bbox 84 1726 1115 1792; baseline 0.002 -17"><span class='ocrx_word' id='word_1_97' title='bbox 84 1727 135 1775; x_wconf 83' lang='lat' dir='ltr'>rub</span> <span class='ocrx_word' id='word_1_98' title='bbox 144 1740 179 1785; x_wconf 82' lang='lat' dir='ltr'>eo,</span> <span class='ocrx_word' id='word_1_99' title='bbox 189 1740 244 1774; x_wconf 82' lang='lat' dir='ltr'>num</span> <span class='ocrx_word' id='word_1_100' title='bbox 256 1730 280 1773; x_wconf 90' lang='lat' dir='ltr'>te</span> <span class='ocrx_word' id='word_1_101' title='bbox 292 1726 393 1783; x_wconf 49' lang='lat' dir='ltr'>rideri&amp;</span> <span class='ocrx_word' id='word_1_102' title='bbox 412 1729 534 1790; x_wconf 72' lang='lat' dir='ltr'>respondet</span> <span class='ocrx_word' id='word_1_103' title='bbox 550 1743 597 1777; x_wconf 76' lang='lat' dir='ltr'>nora</span> <span class='ocrx_word' id='word_1_104' title='bbox 607 1730 702 1778; x_wconf 82' lang='lat' dir='ltr'>ridiere.</span> <span class='ocrx_word' id='word_1_105' title='bbox 735 1729 812 1790; x_wconf 77' lang='lat' dir='ltr'>AEgre</span> <span class='ocrx_word' id='word_1_106' title='bbox 822 1729 847 1778; x_wconf 82' lang='lat' dir='ltr'>id</span> <span class='ocrx_word' id='word_1_107' title='bbox 858 1728 932 1789; x_wconf 72' lang='lat' dir='ltr'>fero.-</span> <span class='ocrx_word' id='word_1_108' title='bbox 948 1728 1004 1792; x_wconf 78' lang='lat' dir='ltr'>puid</span> <span class='ocrx_word' id='word_1_109' title='bbox 1013 1728 1072 1777; x_wconf 69' lang='lat' dir='ltr'>nint</span> <span class='ocrx_word' id='word_1_110' title='bbox 1081 1727 1115 1777; x_wconf 81' lang='lat' dir='ltr'>eit</span> 
     </span>
     <span class='ocr_line' id='line_1_15' title="bbox 84 1789 1116 1870; baseline 0 -30"><span class='ocrx_word' id='word_1_111' title='bbox 84 1789 229 1850; x_wconf 74' lang='lat' dir='ltr'>imcogico.</span> <span class='ocrx_word' id='word_1_112' title='bbox 261 1790 356 1840; x_wconf 84' lang='lat' dir='ltr'>Interea</span> <span class='ocrx_word' id='word_1_113' title='bbox 363 1791 425 1866; x_wconf 75' lang='lat' dir='ltr'>¹rnr&#39;iti</span> <span class='ocrx_word' id='word_1_114' title='bbox 442 1790 574 1840; x_wconf 73' lang='lat' dir='ltr'>redeuutie</span> <span class='ocrx_word' id='word_1_115' title='bbox 586 1791 644 1853; x_wconf 86' lang='lat' dir='ltr'>foro</span> <span class='ocrx_word' id='word_1_116' title='bbox 653 1793 939 1870; x_wconf 69' lang='lat' dir='ltr'>soricortueetnupicio</span> <span class='ocrx_word' id='word_1_117' title='bbox 956 1808 986 1842; x_wconf 72' lang='lat' dir='ltr'>ec</span> <span class='ocrx_word' id='word_1_118' title='bbox 996 1793 1046 1856; x_wconf 79' lang='lat' dir='ltr'>ipro</span> <span class='ocrx_word' id='word_1_119' title='bbox 1057 1807 1116 1869; x_wconf 73' lang='lat' dir='ltr'>raep-</span> 
     </span>
     <span class='ocr_line' id='line_1_16' title="bbox 84 1852 1117 1985; baseline 0.001 -18"><span class='ocrx_word' id='word_1_120' title='bbox 84 1852 1037 1985; x_wconf 56' lang='lat' dir='ltr'>ocutiz..titt,twtttteuiiti‘idi&#39;tttitdttu</span> <span class='ocrx_word' id='word_1_121' title='bbox 1053 1871 1117 1969; x_wconf 65' lang='lat' dir='ltr'>itt.</span> 
     </span>
     <span class='ocr_line' id='line_1_17' title="bbox 95 1982 1117 2046; baseline 0.002 -16"><span class='ocrx_word' id='word_1_122' title='bbox 95 1997 121 2030; x_wconf 81' lang='lat' dir='ltr'>re</span> <span class='ocrx_word' id='word_1_123' title='bbox 138 1998 184 2030; x_wconf 81' lang='lat' dir='ltr'>raon</span> <span class='ocrx_word' id='word_1_124' title='bbox 201 1982 347 2032; x_wconf 77' lang='lat' dir='ltr'>conueniunt.</span> <span class='ocrx_word' id='word_1_125' title='bbox 385 1984 437 2033; x_wconf 77' lang='grc' dir='ltr'>ΡΛ.</span> <span class='ocrx_word' id='word_1_126' title='bbox 456 1982 611 2038; x_wconf 79' lang='lat' dir='ltr'><strong>Quamobrem</strong></span> <span class='ocrx_word' id='word_1_127' title='bbox 631 1985 682 2032; x_wconf 78' lang='lat' dir='ltr'>iter</span> <span class='ocrx_word' id='word_1_128' title='bbox 699 1983 777 2036; x_wconf 80' lang='lat' dir='ltr'>dicia?</span> <span class='ocrx_word' id='word_1_129' title='bbox 813 1986 865 2034; x_wconf 75' lang='lat' dir='ltr'>DA.</span> <span class='ocrx_word' id='word_1_130' title='bbox 884 1987 938 2046; x_wconf 77' lang='lat' dir='ltr'>Ego</span> <span class='ocrx_word' id='word_1_131' title='bbox 954 2000 990 2032; x_wconf 87' lang='lat' dir='ltr'>me</span> <span class='ocrx_word' id='word_1_132' title='bbox 1007 1986 1117 2033; x_wconf 77' lang='lat' dir='ltr'>continuo</span> 
     </span>
     <span class='ocr_line' id='line_1_18' title="bbox 84 2046 1117 2110; baseline 0.001 -16"><span class='ocrx_word' id='word_1_133' title='bbox 84 2061 109 2094; x_wconf 87' lang='lat' dir='ltr'>ro</span> <span class='ocrx_word' id='word_1_134' title='bbox 120 2048 152 2095; x_wconf 84' lang='lat' dir='ltr'>ud</span> <span class='ocrx_word' id='word_1_135' title='bbox 164 2046 403 2096; x_wconf 66' lang='lat' dir='ltr'>circumcisorum.</span> <span class='ocrx_word' id='word_1_136' title='bbox 430 2048 490 2095; x_wconf 77' lang='lat' dir='ltr'>Cum</span> <span class='ocrx_word' id='word_1_137' title='bbox 497 2061 540 2107; x_wconf 74' lang='lat' dir='ltr'>ego</span> <span class='ocrx_word' id='word_1_138' title='bbox 550 2048 606 2096; x_wconf 81' lang='lat' dir='ltr'>iiiuc</span> <span class='ocrx_word' id='word_1_139' title='bbox 616 2049 723 2110; x_wconf 79' lang='lat' dir='ltr'>udcmio,</span> <span class='ocrx_word' id='word_1_140' title='bbox 733 2048 833 2097; x_wconf 72' lang='lat' dir='ltr'>written</span> <span class='ocrx_word' id='word_1_141' title='bbox 845 2048 940 2098; x_wconf 73' lang='lat' dir='ltr'>ridetur</span> <span class='ocrx_word' id='word_1_142' title='bbox 950 2053 1006 2096; x_wconf 84' lang='lat' dir='ltr'>unte</span> <span class='ocrx_word' id='word_1_143' title='bbox 1015 2047 1117 2096; x_wconf 69' lang='lat' dir='ltr'>onium.-</span> 
     </span>
     <span class='ocr_line' id='line_1_19' title="bbox 84 2110 1118 2175; baseline 0.002 -17"><span class='ocrx_word' id='word_1_144' title='bbox 84 2125 137 2159; x_wconf 76' lang='lat' dir='ltr'>xeo</span> <span class='ocrx_word' id='word_1_145' title='bbox 144 2113 245 2170; x_wconf 78' lang='lat' dir='ltr'>gaudeo.</span> <span class='ocrx_word' id='word_1_146' title='bbox 261 2111 314 2159; x_wconf 82' lang='lat' dir='ltr'>Cn.</span> <span class='ocrx_word' id='word_1_147' title='bbox 326 2111 401 2160; x_wconf 81' lang='lat' dir='ltr'>Recte</span> <span class='ocrx_word' id='word_1_148' title='bbox 408 2112 477 2160; x_wconf 65' lang='lat' dir='ltr'>diem.</span> <span class='ocrx_word' id='word_1_149' title='bbox 496 2111 548 2160; x_wconf 81' lang='grc' dir='ltr'>ΡΛ.</span> <span class='ocrx_word' id='word_1_150' title='bbox 557 2111 646 2173; x_wconf 75' lang='lat' dir='ltr'>Perge.</span> <span class='ocrx_word' id='word_1_151' title='bbox 662 2111 893 2175; x_wconf 59' lang='lat' dir='ltr'>Duillicecpecto:</span> <span class='ocrx_word' id='word_1_152' title='bbox 903 2110 1118 2160; x_wconf 74' lang='lat' dir='ltr'>intercurrentium</span> 
     </span>
     <span class='ocr_line' id='line_1_20' title="bbox 84 2174 1117 2235; baseline 0.001 -14"><span class='ocrx_word' id='word_1_153' title='bbox 84 2175 117 2223; x_wconf 88' lang='lat' dir='ltr'>ire</span> <span class='ocrx_word' id='word_1_154' title='bbox 128 2176 204 2233; x_wconf 77' lang='lat' dir='ltr'>rideo,</span> <span class='ocrx_word' id='word_1_155' title='bbox 212 2174 278 2222; x_wconf 75' lang='lat' dir='ltr'>exire</span> <span class='ocrx_word' id='word_1_156' title='bbox 288 2177 418 2233; x_wconf 78' lang='lat' dir='ltr'>nerninem,¹</span> <span class='ocrx_word' id='word_1_157' title='bbox 434 2176 661 2224; x_wconf 75' lang='lat' dir='ltr'>notrorumrcttum</span> <span class='ocrx_word' id='word_1_158' title='bbox 678 2176 704 2225; x_wconf 85' lang='lat' dir='ltr'>r&#39;rt</span> <span class='ocrx_word' id='word_1_159' title='bbox 720 2177 796 2235; x_wconf 86' lang='lat' dir='ltr'>domo,</span> <span class='ocrx_word' id='word_1_160' title='bbox 805 2178 893 2224; x_wconf 73' lang='lat' dir='ltr'>nudem</span> <span class='ocrx_word' id='word_1_161' title='bbox 902 2182 1019 2233; x_wconf 74' lang='lat' dir='ltr'>omarum,</span> <span class='ocrx_word' id='word_1_162' title='bbox 1028 2175 1117 2223; x_wconf 76' lang='lat' dir='ltr'>reliam</span> 
     </span>
     <span class='ocr_line' id='line_1_21' title="bbox 84 2237 1116 2303; baseline 0.002 -18"><span class='ocrx_word' id='word_1_163' title='bbox 84 2239 145 2286; x_wconf 68' lang='lat' dir='ltr'>uum</span> <span class='ocrx_word' id='word_1_164' title='bbox 155 2237 307 2287; x_wconf 75' lang='lat' dir='ltr'>discurrentia</span> <span class='ocrx_word' id='word_1_165' title='bbox 317 2239 485 2289; x_wconf 61' lang='lat' dir='ltr'>multitudino.</span> <span class='ocrx_word' id='word_1_166' title='bbox 515 2238 613 2289; x_wconf 76' lang='lat' dir='ltr'>Ace-etti</span> <span class='ocrx_word' id='word_1_167' title='bbox 628 2240 701 2302; x_wconf 81' lang='lat' dir='ltr'>iutro,</span> <span class='ocrx_word' id='word_1_168' title='bbox 719 2239 882 2303; x_wconf 69' lang='lat' dir='ltr'>circumspexi.</span> <span class='ocrx_word' id='word_1_169' title='bbox 914 2241 966 2290; x_wconf 81' lang='grc' dir='ltr'>ΡΑ.</span> <span class='ocrx_word' id='word_1_170' title='bbox 982 2239 1116 2302; x_wconf 81' lang='lat' dir='ltr'>Seio,cttri·</span> 
     </span>
    </p>
   </div>
   <div class='ocr_carea' id='block_1_6' title="bbox 478 2380 660 2402">
    <p class='ocr_par' dir='ltr' id='par_1_11' title="bbox 478 2380 660 2402">
     <span class='ocr_line' id='line_1_22' title="bbox 478 2380 660 2402; baseline -0.011 0"><span class='ocrx_word' id='word_1_171' title='bbox 478 2380 523 2402; x_wconf 64' lang='grc' dir='ltr'>ΝΟ</span> <span class='ocrx_word' id='word_1_172' title='bbox 526 2381 551 2402; x_wconf 71' lang='grc' dir='ltr'>ΙΙ</span> <span class='ocrx_word' id='word_1_173' title='bbox 556 2382 641 2402; x_wconf 68' lang='lat' dir='ltr'>0000ss</span> <span class='ocrx_word' id='word_1_174' title='bbox 644 2381 660 2400; x_wconf 63' lang='lat' dir='ltr'><em>O</em></span> 
     </span>
    </p>
   </div>
   <div class='ocr_carea' id='block_1_7' title="bbox 84 2475 1123 3699">
    <p class='ocr_par' dir='ltr' id='par_1_12' title="bbox 84 2475 1123 3699">
     <span class='ocr_line' id='line_1_23' title="bbox 84 2475 1119 2544; baseline -0.004 -16"><span class='ocrx_word' id='word_1_175' title='bbox 84 2485 105 2528; x_wconf 94' lang='lat' dir='ltr'>t.</span> <span class='ocrx_word' id='word_1_176' title='bbox 117 2479 281 2543; x_wconf 76' lang='lat' dir='ltr'>distinguunt</span> <span class='ocrx_word' id='word_1_177' title='bbox 292 2485 353 2544; x_wconf 82' lang='lat' dir='ltr'>poet</span> <span class='ocrx_word' id='word_1_178' title='bbox 369 2479 508 2544; x_wconf 80' lang='lat' dir='ltr'>‘invenio,’</span> <span class='ocrx_word' id='word_1_179' title='bbox 526 2481 616 2532; x_wconf 68' lang='lat' dir='ltr'>recte!</span> <span class='ocrx_word' id='word_1_180' title='bbox 644 2481 728 2531; x_wconf 76' lang='lat' dir='ltr'>Notat</span> <span class='ocrx_word' id='word_1_181' title='bbox 739 2480 810 2530; x_wconf 86' lang='lat' dir='ltr'>Peri.</span> <span class='ocrx_word' id='word_1_182' title='bbox 820 2477 829 2508; x_wconf 83' lang='lat'>‘</span> <span class='ocrx_word' id='word_1_183' title='bbox 839 2476 891 2528; x_wconf 84' lang='lat' dir='ltr'>ibi’</span> <span class='ocrx_word' id='word_1_184' title='bbox 902 2491 959 2527; x_wconf 79' lang='lat' dir='ltr'>ecee</span> <span class='ocrx_word' id='word_1_185' title='bbox 970 2482 1031 2540; x_wconf 81' lang='lat' dir='ltr'>poet</span> <span class='ocrx_word' id='word_1_186' title='bbox 1040 2477 1048 2505; x_wconf 76' lang='lat'>⁸</span> <span class='ocrx_word' id='word_1_187' title='bbox 1058 2475 1119 2526; x_wconf 70' lang='lat' dir='ltr'>inv!</span> 
     </span>
     <span class='ocr_line' id='line_1_24' title="bbox 84 2541 1120 2610; baseline -0.002 -17"><span class='ocrx_word' id='word_1_188' title='bbox 84 2541 144 2593; x_wconf 83' lang='lat' dir='ltr'>ueii&#39;.</span> <span class='ocrx_word' id='word_1_189' title='bbox 157 2548 180 2593; x_wconf 88' lang='lat' dir='ltr'>l.</span> <span class='ocrx_word' id='word_1_190' title='bbox 191 2548 216 2594; x_wconf 76' lang='lat' dir='ltr'>t.</span> <span class='ocrx_word' id='word_1_191' title='bbox 227 2549 254 2593; x_wconf 87' lang='lat' dir='ltr'>et</span> <span class='ocrx_word' id='word_1_192' title='bbox 266 2545 292 2593; x_wconf 90' lang='lat' dir='ltr'>in</span> <span class='ocrx_word' id='word_1_193' title='bbox 309 2549 334 2594; x_wconf 77' lang='lat'>8.</span> <span class='ocrx_word' id='word_1_194' title='bbox 352 2558 411 2594; x_wconf 78' lang='lat' dir='ltr'>erec</span> <span class='ocrx_word' id='word_1_195' title='bbox 428 2548 599 2597; x_wconf 74' lang='lat' dir='ltr'>arcendo-ao</span> <span class='ocrx_word' id='word_1_196' title='bbox 616 2545 682 2596; x_wconf 75' lang='lat' dir='ltr'>Post</span> <span class='ocrx_word' id='word_1_197' title='bbox 696 2542 851 2610; x_wconf 78' lang='lat' dir='ltr'>‘nunquam’</span> <span class='ocrx_word' id='word_1_198' title='bbox 868 2541 1043 2606; x_wconf 87' lang='lat' dir='ltr'>reponendum</span> <span class='ocrx_word' id='word_1_199' title='bbox 1060 2555 1120 2591; x_wconf 79' lang='lat' dir='ltr'>erse</span> 
     </span>
     <span class='ocr_line' id='line_1_25' title="bbox 84 2606 1120 2673; baseline -0.002 -16"><span class='ocrx_word' id='word_1_200' title='bbox 84 2621 116 2657; x_wconf 89' lang='lat' dir='ltr'>eo</span> <span class='ocrx_word' id='word_1_201' title='bbox 126 2621 160 2657; x_wconf 85' lang='lat' dir='ltr'>ee.</span> <span class='ocrx_word' id='word_1_202' title='bbox 187 2607 275 2673; x_wconf 76' lang='lat' dir='ltr'>Atque</span> <span class='ocrx_word' id='word_1_203' title='bbox 285 2614 361 2658; x_wconf 69' lang='lat' dir='ltr'>troie</span> <span class='ocrx_word' id='word_1_204' title='bbox 372 2612 468 2659; x_wconf 81' lang='lat' dir='ltr'>nostrie</span> <span class='ocrx_word' id='word_1_205' title='bbox 481 2618 555 2660; x_wconf 84' lang='lat' dir='ltr'>recte</span> <span class='ocrx_word' id='word_1_206' title='bbox 567 2610 695 2661; x_wconf 81' lang='lat' dir='ltr'>collocant</span> <span class='ocrx_word' id='word_1_207' title='bbox 706 2607 821 2670; x_wconf 79' lang='lat' dir='ltr'>idiforte.</span> <span class='ocrx_word' id='word_1_208' title='bbox 837 2609 916 2657; x_wconf 85' lang='lat' dir='ltr'>Bent.</span> <span class='ocrx_word' id='word_1_209' title='bbox 943 2606 1055 2657; x_wconf 81' lang='lat' dir='ltr'>Accedit</span> <span class='ocrx_word' id='word_1_210' title='bbox 1066 2619 1120 2656; x_wconf 87' lang='lat' dir='ltr'>om·</span> 
     </span>
     <span class='ocr_line' id='line_1_26' title="bbox 92 2669 1120 2739; baseline 0.002 -19"><span class='ocrx_word' id='word_1_211' title='bbox 92 2672 165 2721; x_wconf 87' lang='lat' dir='ltr'>Peri.</span> <span class='ocrx_word' id='word_1_212' title='bbox 177 2673 222 2737; x_wconf 90' lang='lat' dir='ltr'>qui</span> <span class='ocrx_word' id='word_1_213' title='bbox 237 2680 340 2723; x_wconf 85' lang='lat' dir='ltr'>monet:</span> <span class='ocrx_word' id='word_1_214' title='bbox 357 2673 454 2724; x_wconf 71' lang='lat' dir='ltr'>‘Beuu</span> <span class='ocrx_word' id='word_1_215' title='bbox 465 2673 524 2724; x_wconf 88' lang='lat' dir='ltr'>add.</span> <span class='ocrx_word' id='word_1_216' title='bbox 540 2689 575 2737; x_wconf 83' lang='lat' dir='ltr'>er,</span> <span class='ocrx_word' id='word_1_217' title='bbox 593 2688 644 2739; x_wconf 91' lang='lat' dir='ltr'>quo</span> <span class='ocrx_word' id='word_1_218' title='bbox 655 2674 720 2724; x_wconf 81' lang='lat' dir='ltr'>GM·</span> <span class='ocrx_word' id='word_1_219' title='bbox 737 2674 848 2738; x_wconf 77' lang='lat' dir='ltr'>glomum</span> <span class='ocrx_word' id='word_1_220' title='bbox 867 2671 961 2735; x_wconf 77' lang='lat' dir='ltr'>tangit,</span> <span class='ocrx_word' id='word_1_221' title='bbox 980 2669 1120 2722; x_wconf 68' lang='lat' dir='ltr'>‘eracl&#39;-</span> 
     </span>
     <span class='ocr_line' id='line_1_27' title="bbox 87 2733 1120 2788; baseline -0.002 -2"><span class='ocrx_word' id='word_1_222' title='bbox 87 2734 141 2786; x_wconf 90' lang='lat' dir='ltr'>odl.</span> <span class='ocrx_word' id='word_1_223' title='bbox 150 2742 178 2785; x_wconf 89' lang='lat' dir='ltr'>et</span> <span class='ocrx_word' id='word_1_224' title='bbox 188 2734 231 2786; x_wconf 86' lang='lat' dir='ltr'>ed.</span> <span class='ocrx_word' id='word_1_225' title='bbox 242 2751 285 2786; x_wconf 86' lang='lat' dir='ltr'>un.</span> <span class='ocrx_word' id='word_1_226' title='bbox 297 2740 369 2786; x_wconf 78' lang='lat'>1469.</span> <span class='ocrx_word' id='word_1_227' title='bbox 380 2737 468 2787; x_wconf 80' lang='lat' dir='ltr'>oidiere</span> <span class='ocrx_word' id='word_1_228' title='bbox 477 2752 511 2788; x_wconf 80' lang='lat' dir='ltr'>re.</span> <span class='ocrx_word' id='word_1_229' title='bbox 527 2740 612 2788; x_wconf 83' lang='lat' dir='ltr'>Weet.</span> <span class='ocrx_word' id='word_1_230' title='bbox 644 2737 751 2788; x_wconf 68' lang='lat' dir='ltr'>Vidine:</span> <span class='ocrx_word' id='word_1_231' title='bbox 762 2737 825 2787; x_wconf 86' lang='lat' dir='ltr'>Par.</span> <span class='ocrx_word' id='word_1_232' title='bbox 836 2738 903 2786; x_wconf 80' lang='lat' dir='ltr'>Mer.</span> <span class='ocrx_word' id='word_1_233' title='bbox 913 2750 946 2786; x_wconf 83' lang='lat' dir='ltr'>re.</span> <span class='ocrx_word' id='word_1_234' title='bbox 963 2736 1032 2787; x_wconf 84' lang='lat' dir='ltr'>Peri.</span> <span class='ocrx_word' id='word_1_235' title='bbox 1063 2733 1120 2785; x_wconf 83' lang='lat' dir='ltr'>Viri.</span> 
     </span>
     <span class='ocr_line' id='line_1_28' title="bbox 84 2798 1120 2862; baseline -0.001 -12"><span class='ocrx_word' id='word_1_236' title='bbox 84 2801 126 2850; x_wconf 81' lang='lat' dir='ltr'>ur.</span> <span class='ocrx_word' id='word_1_237' title='bbox 160 2801 208 2850; x_wconf 80' lang='lat' dir='ltr'>Ect</span> <span class='ocrx_word' id='word_1_238' title='bbox 221 2808 281 2862; x_wconf 85' lang='lat' dir='ltr'>poet</span> <span class='ocrx_word' id='word_1_239' title='bbox 297 2800 427 2850; x_wconf 75' lang='lat' dir='ltr'>‘molest&#39;</span> <span class='ocrx_word' id='word_1_240' title='bbox 447 2801 473 2850; x_wconf 90' lang='lat' dir='ltr'>in</span> <span class='ocrx_word' id='word_1_241' title='bbox 485 2801 573 2852; x_wconf 82' lang='lat' dir='ltr'>Gueli.</span> <span class='ocrx_word' id='word_1_242' title='bbox 584 2805 673 2851; x_wconf 71' lang='lat' dir='ltr'>u-nt</span> <span class='ocrx_word' id='word_1_243' title='bbox 692 2802 843 2852; x_wconf 65' lang='lat' dir='ltr'>&#39;ii-ictuum</span> <span class='ocrx_word' id='word_1_244' title='bbox 859 2798 950 2850; x_wconf 79' lang='lat' dir='ltr'>Gueli.</span> <span class='ocrx_word' id='word_1_245' title='bbox 967 2802 1056 2850; x_wconf 77' lang='lat' dir='ltr'>1.-ut</span> <span class='ocrx_word' id='word_1_246' title='bbox 1073 2799 1120 2849; x_wconf 85' lang='lat' dir='ltr'>Pr.</span> 
     </span>
     <span class='ocr_line' id='line_1_29' title="bbox 88 2862 1121 2930; baseline -0.003 -16"><span class='ocrx_word' id='word_1_247' title='bbox 88 2876 130 2914; x_wconf 83' lang='lat' dir='ltr'>vt.</span> <span class='ocrx_word' id='word_1_248' title='bbox 140 2878 168 2927; x_wconf 89' lang='lat' dir='ltr'>p.</span> <span class='ocrx_word' id='word_1_249' title='bbox 178 2864 230 2927; x_wconf 54' lang='grc' dir='ltr'>θλ]</span> <span class='ocrx_word' id='word_1_250' title='bbox 249 2866 368 2927; x_wconf 76' lang='lat' dir='ltr'>Egomet5</span> <span class='ocrx_word' id='word_1_251' title='bbox 406 2879 438 2922; x_wconf 90' lang='lat' dir='ltr'>no</span> <span class='ocrx_word' id='word_1_252' title='bbox 457 2864 534 2915; x_wconf 89' lang='lat' dir='ltr'>modo</span> <span class='ocrx_word' id='word_1_253' title='bbox 551 2873 580 2915; x_wconf 87' lang='lat' dir='ltr'>et</span> <span class='ocrx_word' id='word_1_254' title='bbox 596 2867 649 2916; x_wconf 91' lang='lat' dir='ltr'>Do.</span> <span class='ocrx_word' id='word_1_255' title='bbox 664 2865 720 2930; x_wconf 80' lang='lat' dir='ltr'>jem</span> <span class='ocrx_word' id='word_1_256' title='bbox 731 2865 805 2927; x_wconf 71' lang='lat' dir='ltr'>legit.</span> <span class='ocrx_word' id='word_1_257' title='bbox 824 2865 895 2914; x_wconf 84' lang='lat' dir='ltr'>Wert.</span> <span class='ocrx_word' id='word_1_258' title='bbox 930 2863 1066 2913; x_wconf 70' lang='lat' dir='ltr'>Chremen:</span> <span class='ocrx_word' id='word_1_259' title='bbox 1082 2862 1121 2912; x_wconf 76' lang='lat' dir='ltr'>ita</span> 
     </span>
     <span class='ocr_line' id='line_1_30' title="bbox 84 2925 1121 2990; baseline -0.002 -12"><span class='ocrx_word' id='word_1_260' title='bbox 84 2928 157 2978; x_wconf 71' lang='lat' dir='ltr'>tEr.</span> <span class='ocrx_word' id='word_1_261' title='bbox 168 2928 238 2979; x_wconf 88' lang='lat' dir='ltr'>Mur.</span> <span class='ocrx_word' id='word_1_262' title='bbox 250 2929 324 2979; x_wconf 84' lang='lat' dir='ltr'>Liud.</span> <span class='ocrx_word' id='word_1_263' title='bbox 336 2929 370 2977; x_wconf 83' lang='lat' dir='ltr'>el.</span> <span class='ocrx_word' id='word_1_264' title='bbox 413 2935 424 2978; x_wconf 90' lang='lat' dir='ltr'>t</span> <span class='ocrx_word' id='word_1_265' title='bbox 434 2928 496 2980; x_wconf 87' lang='lat' dir='ltr'>Par.</span> <span class='ocrx_word' id='word_1_266' title='bbox 515 2929 671 2990; x_wconf 72' lang='lat' dir='ltr'>eirenem,</span> <span class='ocrx_word' id='word_1_267' title='bbox 679 2936 778 2979; x_wconf 76' lang='lat' dir='ltr'>testans</span> <span class='ocrx_word' id='word_1_268' title='bbox 789 2929 815 2976; x_wconf 91' lang='lat' dir='ltr'>in</span> <span class='ocrx_word' id='word_1_269' title='bbox 826 2929 897 2978; x_wconf 88' lang='lat' dir='ltr'>nulio</span> <span class='ocrx_word' id='word_1_270' title='bbox 907 2927 1038 2978; x_wconf 71' lang='lat' dir='ltr'>Menenio</span> <span class='ocrx_word' id='word_1_271' title='bbox 1048 2925 1121 2976; x_wconf 71' lang='lat' dir='ltr'>cire·</span> 
     </span>
     <span class='ocr_line' id='line_1_31' title="bbox 84 2990 1121 3044; baseline 0 -4"><span class='ocrx_word' id='word_1_272' title='bbox 84 3030 85 3039; x_wconf 68' lang='grc'>,</span> <span class='ocrx_word' id='word_1_273' title='bbox 101 2992 176 3042; x_wconf 85' lang='lat' dir='ltr'>Peri.</span> <span class='ocrx_word' id='word_1_274' title='bbox 208 2993 285 3042; x_wconf 87' lang='lat' dir='ltr'>‘Non</span> <span class='ocrx_word' id='word_1_275' title='bbox 298 2992 441 3043; x_wconf 74' lang='lat' dir='ltr'>conaerent’</span> <span class='ocrx_word' id='word_1_276' title='bbox 458 2993 505 3044; x_wconf 88' lang='lat' dir='ltr'>dat</span> <span class='ocrx_word' id='word_1_277' title='bbox 516 2993 628 3044; x_wconf 76' lang='lat' dir='ltr'>Charino</span> <span class='ocrx_word' id='word_1_278' title='bbox 638 2994 685 3042; x_wconf 91' lang='lat' dir='ltr'>Br.</span> <span class='ocrx_word' id='word_1_279' title='bbox 697 2999 725 3044; x_wconf 87' lang='lat' dir='ltr'>at</span> <span class='ocrx_word' id='word_1_280' title='bbox 735 3000 811 3042; x_wconf 75' lang='lat' dir='ltr'>notat</span> <span class='ocrx_word' id='word_1_281' title='bbox 821 2993 923 3041; x_wconf 76' lang='lat' dir='ltr'>Brunca</span> <span class='ocrx_word' id='word_1_282' title='bbox 939 2996 947 3021; x_wconf 81' lang='lat'><em>¹</em></span> <span class='ocrx_word' id='word_1_283' title='bbox 954 2990 1027 3041; x_wconf 86' lang='lat' dir='ltr'>Edit.</span> <span class='ocrx_word' id='word_1_284' title='bbox 1036 2991 1121 3040; x_wconf 85' lang='lat' dir='ltr'>omitt.</span> 
     </span>
     <span class='ocr_line' id='line_1_32' title="bbox 84 3054 1122 3119; baseline -0.004 -13"><span class='ocrx_word' id='word_1_285' title='bbox 84 3068 124 3114; x_wconf 83' lang='lat' dir='ltr'>en,</span> <span class='ocrx_word' id='word_1_286' title='bbox 135 3063 163 3105; x_wconf 86' lang='lat' dir='ltr'>et</span> <span class='ocrx_word' id='word_1_287' title='bbox 174 3056 266 3107; x_wconf 79' lang='lat' dir='ltr'>melino</span> <span class='ocrx_word' id='word_1_288' title='bbox 278 3057 428 3107; x_wconf 87' lang='lat' dir='ltr'>tribuuntur</span> <span class='ocrx_word' id='word_1_289' title='bbox 438 3057 518 3108; x_wconf 87' lang='lat' dir='ltr'>verba</span> <span class='ocrx_word' id='word_1_290' title='bbox 527 3056 622 3109; x_wconf 71' lang='lat' dir='ltr'>Davo!</span> <span class='ocrx_word' id='word_1_291' title='bbox 635 3072 641 3083; x_wconf 88' lang='lat'><strong>·</strong></span> <span class='ocrx_word' id='word_1_292' title='bbox 655 3058 757 3119; x_wconf 73' lang='lat' dir='ltr'>Egomet</span> <span class='ocrx_word' id='word_1_293' title='bbox 774 3054 864 3106; x_wconf 85' lang='lat' dir='ltr'>Gueif.</span> <span class='ocrx_word' id='word_1_294' title='bbox 880 3059 969 3105; x_wconf 77' lang='lat' dir='ltr'>2.-tto</span> <span class='ocrx_word' id='word_1_295' title='bbox 987 3056 1040 3104; x_wconf 86' lang='lat' dir='ltr'>Pro</span> <span class='ocrx_word' id='word_1_296' title='bbox 1057 3054 1122 3117; x_wconf 82' lang='lat' dir='ltr'>iiior,</span> 
     </span>
     <span class='ocr_line' id='line_1_33' title="bbox 84 3117 1120 3186; baseline -0.002 -16"><span class='ocrx_word' id='word_1_297' title='bbox 84 3120 89 3170; x_wconf 94' lang='grc' dir='ltr'>Ι</span> <span class='ocrx_word' id='word_1_298' title='bbox 101 3125 142 3170; x_wconf 80' lang='lat' dir='ltr'>eet</span> <span class='ocrx_word' id='word_1_299' title='bbox 154 3121 262 3183; x_wconf 74' lang='lat' dir='ltr'>Donati,</span> <span class='ocrx_word' id='word_1_300' title='bbox 272 3135 361 3171; x_wconf 78' lang='lat' dir='ltr'>omnen</span> <span class='ocrx_word' id='word_1_301' title='bbox 373 3121 449 3170; x_wconf 86' lang='lat' dir='ltr'>codd.</span> <span class='ocrx_word' id='word_1_302' title='bbox 461 3136 524 3186; x_wconf 83' lang='lat' dir='ltr'>quoe</span> <span class='ocrx_word' id='word_1_303' title='bbox 535 3122 599 3172; x_wconf 88' lang='lat' dir='ltr'>vidit</span> <span class='ocrx_word' id='word_1_304' title='bbox 608 3120 733 3182; x_wconf 71' lang='lat' dir='ltr'>Patimur,</span> <span class='ocrx_word' id='word_1_305' title='bbox 741 3126 770 3169; x_wconf 87' lang='lat' dir='ltr'>et</span> <span class='ocrx_word' id='word_1_306' title='bbox 780 3121 874 3184; x_wconf 75' lang='lat' dir='ltr'>prison</span> <span class='ocrx_word' id='word_1_307' title='bbox 883 3119 959 3169; x_wconf 86' lang='lat' dir='ltr'>editt.</span> <span class='ocrx_word' id='word_1_308' title='bbox 968 3119 1060 3181; x_wconf 74' lang='lat' dir='ltr'>legunt</span> <span class='ocrx_word' id='word_1_309' title='bbox 1068 3117 1120 3168; x_wconf 84' lang='lat' dir='ltr'>ilic.</span> 
     </span>
     <span class='ocr_line' id='line_1_34' title="bbox 84 3181 1122 3249; baseline -0.003 -15"><span class='ocrx_word' id='word_1_310' title='bbox 84 3191 100 3234; x_wconf 88' lang='lat' dir='ltr'>t.</span> <span class='ocrx_word' id='word_1_311' title='bbox 135 3185 171 3233; x_wconf 84' lang='lat' dir='ltr'>Et</span> <span class='ocrx_word' id='word_1_312' title='bbox 181 3185 219 3234; x_wconf 81' lang='lat' dir='ltr'>sic</span> <span class='ocrx_word' id='word_1_313' title='bbox 229 3185 276 3234; x_wconf 86' lang='lat' dir='ltr'>dat</span> <span class='ocrx_word' id='word_1_314' title='bbox 287 3186 365 3235; x_wconf 84' lang='lat' dir='ltr'>Beut.</span> <span class='ocrx_word' id='word_1_315' title='bbox 398 3186 461 3235; x_wconf 73' lang='lat' dir='ltr'>Ilico</span> <span class='ocrx_word' id='word_1_316' title='bbox 471 3184 561 3236; x_wconf 83' lang='lat' dir='ltr'>Gueii.</span> <span class='ocrx_word' id='word_1_317' title='bbox 572 3190 597 3236; x_wconf 71' lang='grc'>2.</span> <span class='ocrx_word' id='word_1_318' title='bbox 616 3185 660 3249; x_wconf 90' lang='lat' dir='ltr'>qui</span> <span class='ocrx_word' id='word_1_319' title='bbox 672 3183 745 3234; x_wconf 78' lang='lat' dir='ltr'>addit</span> <span class='ocrx_word' id='word_1_320' title='bbox 756 3189 808 3234; x_wconf 84' lang='lat' dir='ltr'>erat</span> <span class='ocrx_word' id='word_1_321' title='bbox 826 3190 886 3247; x_wconf 80' lang='lat' dir='ltr'>port</span> <span class='ocrx_word' id='word_1_322' title='bbox 901 3181 1061 3234; x_wconf 58' lang='lat' dir='ltr'>‘uoltis-uo</span> <span class='ocrx_word' id='word_1_323' title='bbox 1077 3181 1122 3231; x_wconf 81' lang='lat' dir='ltr'>Ita</span> 
     </span>
     <span class='ocr_line' id='line_1_35' title="bbox 84 3245 1120 3312; baseline -0.002 -14"><span class='ocrx_word' id='word_1_324' title='bbox 84 3248 226 3312; x_wconf 72' lang='lat' dir='ltr'>plerique,</span> <span class='ocrx_word' id='word_1_325' title='bbox 242 3248 320 3298; x_wconf 80' lang='lat' dir='ltr'>etiem</span> <span class='ocrx_word' id='word_1_326' title='bbox 332 3248 409 3299; x_wconf 90' lang='lat' dir='ltr'>Bodi.</span> <span class='ocrx_word' id='word_1_327' title='bbox 424 3248 487 3311; x_wconf 82' lang='lat' dir='ltr'>Atti,</span> <span class='ocrx_word' id='word_1_328' title='bbox 503 3248 717 3300; x_wconf 67' lang='lat' dir='ltr'>vulteranno.</span> <span class='ocrx_word' id='word_1_329' title='bbox 750 3248 803 3298; x_wconf 80' lang='lat' dir='ltr'>Cu.</span> <span class='ocrx_word' id='word_1_330' title='bbox 820 3248 910 3308; x_wconf 76' lang='lat' dir='ltr'>Perge.</span> <span class='ocrx_word' id='word_1_331' title='bbox 941 3247 993 3296; x_wconf 81' lang='lat' dir='ltr'>Sed</span> <span class='ocrx_word' id='word_1_332' title='bbox 1011 3254 1039 3297; x_wconf 87' lang='lat' dir='ltr'>et</span> <span class='ocrx_word' id='word_1_333' title='bbox 1056 3245 1120 3296; x_wconf 87' lang='lat' dir='ltr'>editi</span> 
     </span>
     <span class='ocr_line' id='line_1_36' title="bbox 84 3309 1121 3380; baseline -0.001 -18"><span class='ocrx_word' id='word_1_334' title='bbox 84 3319 131 3362; x_wconf 76' lang='lat' dir='ltr'>int.</span> <span class='ocrx_word' id='word_1_335' title='bbox 164 3313 254 3362; x_wconf 84' lang='lat' dir='ltr'>Malim</span> <span class='ocrx_word' id='word_1_336' title='bbox 271 3327 330 3363; x_wconf 84' lang='lat' dir='ltr'>cum</span> <span class='ocrx_word' id='word_1_337' title='bbox 348 3313 399 3363; x_wconf 90' lang='lat' dir='ltr'>Do.</span> <span class='ocrx_word' id='word_1_338' title='bbox 415 3319 555 3380; x_wconf 85' lang='lat' dir='ltr'>utrumque</span> <span class='ocrx_word' id='word_1_339' title='bbox 571 3313 684 3364; x_wconf 84' lang='lat' dir='ltr'>tribuere</span> <span class='ocrx_word' id='word_1_340' title='bbox 698 3312 844 3376; x_wconf 75' lang='lat' dir='ltr'>Pamphilo.</span> <span class='ocrx_word' id='word_1_341' title='bbox 866 3313 1005 3369; x_wconf 64' lang='lat' dir='ltr'>man-tt</span> <span class='ocrx_word' id='word_1_342' title='bbox 1022 3309 1121 3362; x_wconf 81' lang='lat' dir='ltr'>Omuea</span> 
     </span>
     <span class='ocr_line' id='line_1_37' title="bbox 84 3375 1122 3442; baseline 0 -18"><span class='ocrx_word' id='word_1_343' title='bbox 84 3391 127 3425; x_wconf 88' lang='lat' dir='ltr'>em</span> <span class='ocrx_word' id='word_1_344' title='bbox 138 3376 176 3424; x_wconf 87' lang='lat' dir='ltr'>ita</span> <span class='ocrx_word' id='word_1_345' title='bbox 186 3376 360 3440; x_wconf 72' lang='lat' dir='ltr'>distinguunt,</span> <span class='ocrx_word' id='word_1_346' title='bbox 378 3377 423 3427; x_wconf 77' lang='lat' dir='ltr'>ned</span> <span class='ocrx_word' id='word_1_347' title='bbox 442 3383 502 3442; x_wconf 81' lang='lat' dir='ltr'>post</span> <span class='ocrx_word' id='word_1_348' title='bbox 520 3381 681 3428; x_wconf 76' lang='lat' dir='ltr'>‘matronam</span> <span class='ocrx_word' id='word_1_349' title='bbox 696 3375 807 3434; x_wconf 82' lang='lat' dir='ltr'>nuliam’</span> <span class='ocrx_word' id='word_1_350' title='bbox 822 3377 1059 3442; x_wconf 77' lang='lat' dir='ltr'>interpunctionem</span> <span class='ocrx_word' id='word_1_351' title='bbox 1070 3375 1122 3424; x_wconf 89' lang='lat' dir='ltr'>toi·</span> 
     </span>
     <span class='ocr_line' id='line_1_38' title="bbox 84 3438 1123 3506; baseline 0 -17"><span class='ocrx_word' id='word_1_352' title='bbox 84 3454 125 3490; x_wconf 83' lang='lat' dir='ltr'>um</span> <span class='ocrx_word' id='word_1_353' title='bbox 136 3454 240 3502; x_wconf 71' lang='lat' dir='ltr'>censeo,</span> <span class='ocrx_word' id='word_1_354' title='bbox 252 3446 280 3490; x_wconf 86' lang='lat' dir='ltr'>et</span> <span class='ocrx_word' id='word_1_355' title='bbox 291 3454 390 3491; x_wconf 83' lang='lat' dir='ltr'>commu</span> <span class='ocrx_word' id='word_1_356' title='bbox 400 3441 592 3492; x_wconf 74' lang='lat' dir='ltr'>rescribendum</span> <span class='ocrx_word' id='word_1_357' title='bbox 602 3448 662 3506; x_wconf 80' lang='lat' dir='ltr'>poet</span> <span class='ocrx_word' id='word_1_358' title='bbox 673 3449 681 3471; x_wconf 86' lang='lat'>‘</span> <span class='ocrx_word' id='word_1_359' title='bbox 691 3439 808 3492; x_wconf 68' lang='lat' dir='ltr'>aedibue!</span> <span class='ocrx_word' id='word_1_360' title='bbox 824 3442 900 3491; x_wconf 82' lang='lat' dir='ltr'>Brut.</span> <span class='ocrx_word' id='word_1_361' title='bbox 932 3438 1046 3492; x_wconf 68' lang='lat' dir='ltr'>Matronae</span> <span class='ocrx_word' id='word_1_362' title='bbox 1055 3441 1123 3490; x_wconf 75' lang='lat' dir='ltr'>relic</span> 
     </span>
     <span class='ocr_line' id='line_1_39' title="bbox 84 3504 1121 3570; baseline 0 -17"><span class='ocrx_word' id='word_1_363' title='bbox 84 3518 121 3553; x_wconf 84' lang='lat' dir='ltr'>uc</span> <span class='ocrx_word' id='word_1_364' title='bbox 142 3505 193 3555; x_wconf 89' lang='lat' dir='ltr'>Gu.</span> <span class='ocrx_word' id='word_1_365' title='bbox 212 3508 235 3553; x_wconf 91' lang='lat' dir='ltr'>l.</span> <span class='ocrx_word' id='word_1_366' title='bbox 256 3513 285 3555; x_wconf 85' lang='lat' dir='ltr'>ct</span> <span class='ocrx_word' id='word_1_367' title='bbox 304 3504 365 3555; x_wconf 84' lang='lat' dir='ltr'>Hei.</span> <span class='ocrx_word' id='word_1_368' title='bbox 398 3506 484 3570; x_wconf 76' lang='lat' dir='ltr'>Vulgo</span> <span class='ocrx_word' id='word_1_369' title='bbox 502 3511 634 3556; x_wconf 75' lang='lat' dir='ltr'>notrorum</span> <span class='ocrx_word' id='word_1_370' title='bbox 653 3507 751 3569; x_wconf 66' lang='lat' dir='ltr'>udan,</span> <span class='ocrx_word' id='word_1_371' title='bbox 765 3506 849 3555; x_wconf 84' lang='lat' dir='ltr'>minua</span> <span class='ocrx_word' id='word_1_372' title='bbox 866 3505 962 3556; x_wconf 80' lang='lat' dir='ltr'>viride.</span> <span class='ocrx_word' id='word_1_373' title='bbox 979 3505 1053 3557; x_wconf 73' lang='lat' dir='ltr'>But.</span> <span class='ocrx_word' id='word_1_374' title='bbox 1076 3504 1121 3568; x_wconf 89' lang='lat' dir='ltr'>qui</span> 
     </span>
     <span class='ocr_line' id='line_1_40' title="bbox 84 3567 1121 3634; baseline -0.001 -16"><span class='ocrx_word' id='word_1_375' title='bbox 84 3567 144 3618; x_wconf 87' lang='lat' dir='ltr'>tleio</span> <span class='ocrx_word' id='word_1_376' title='bbox 155 3568 258 3618; x_wconf 79' lang='lat' dir='ltr'>accedit</span> <span class='ocrx_word' id='word_1_377' title='bbox 269 3569 296 3617; x_wconf 93' lang='lat' dir='ltr'>in</span> <span class='ocrx_word' id='word_1_378' title='bbox 307 3569 446 3633; x_wconf 79' lang='lat' dir='ltr'>pungendo</span> <span class='ocrx_word' id='word_1_379' title='bbox 456 3577 517 3634; x_wconf 80' lang='lat' dir='ltr'>port</span> <span class='ocrx_word' id='word_1_380' title='bbox 533 3570 673 3620; x_wconf 66' lang='lat' dir='ltr'>‘adibunt&#39;</span> <span class='ocrx_word' id='word_1_381' title='bbox 690 3577 717 3619; x_wconf 87' lang='lat' dir='ltr'>et</span> <span class='ocrx_word' id='word_1_382' title='bbox 735 3570 774 3620; x_wconf 79' lang='lat' dir='ltr'>sic</span> <span class='ocrx_word' id='word_1_383' title='bbox 792 3572 839 3622; x_wconf 89' lang='lat' dir='ltr'>Br.</span> <span class='ocrx_word' id='word_1_384' title='bbox 855 3576 884 3619; x_wconf 82' lang='lat' dir='ltr'>et</span> <span class='ocrx_word' id='word_1_385' title='bbox 901 3570 1039 3620; x_wconf 70' lang='lat' dir='ltr'>Peri—28</span> <span class='ocrx_word' id='word_1_386' title='bbox 1055 3568 1121 3617; x_wconf 84' lang='lat' dir='ltr'>Sunt</span> 
     </span>
     <span class='ocr_line' id='line_1_41' title="bbox 84 3632 1119 3699; baseline 0 -16"><span class='ocrx_word' id='word_1_387' title='bbox 84 3668 87 3683; x_wconf 89' lang='lat'>.</span> <span class='ocrx_word' id='word_1_388' title='bbox 103 3632 234 3696; x_wconf 82' lang='lat' dir='ltr'>inquibus</span> <span class='ocrx_word' id='word_1_389' title='bbox 250 3639 291 3682; x_wconf 82' lang='lat' dir='ltr'>eet</span> <span class='ocrx_word' id='word_1_390' title='bbox 306 3635 445 3697; x_wconf 73' lang='lat' dir='ltr'>introspexi.</span> <span class='ocrx_word' id='word_1_391' title='bbox 461 3636 545 3685; x_wconf 83' lang='lat' dir='ltr'>cht.</span> <span class='ocrx_word' id='word_1_392' title='bbox 578 3635 676 3699; x_wconf 78' lang='lat' dir='ltr'>Vulgo,</span> <span class='ocrx_word' id='word_1_393' title='bbox 695 3633 771 3685; x_wconf 70' lang='lat' dir='ltr'>Pru.</span> <span class='ocrx_word' id='word_1_394' title='bbox 791 3633 855 3685; x_wconf 78' lang='lat' dir='ltr'>Scio.</span> <span class='ocrx_word' id='word_1_395' title='bbox 887 3634 1006 3698; x_wconf 74' lang='lat' dir='ltr'>Magnum</span> <span class='ocrx_word' id='word_1_396' title='bbox 1015 3633 1119 3694; x_wconf 68' lang='lat' dir='ltr'>riguum</span> 
     </span>
    </p>
   </div>
   <div class='ocr_carea' id='block_1_8' title="bbox 515 3760 623 3814">
    <p class='ocr_par' dir='ltr' id='par_1_13' title="bbox 515 3760 623 3814">
     <span class='ocr_line' id='line_1_42' title="bbox 515 3760 623 3814; baseline -0.019 -1"><span class='ocrx_word' id='word_1_397' title='bbox 515 3760 623 3814; x_wconf 81' lang='lat' dir='ltr'><strong>NOTAE</strong></span> 
     </span>
    </p>
   </div>
   <div class='ocr_carea' id='block_1_9' title="bbox 84 3853 1120 4224">
    <p class='ocr_par' dir='ltr' id='par_1_14' title="bbox 84 3853 1120 4153">
     <span class='ocr_line' id='line_1_43' title="bbox 84 3853 1120 3924; baseline 0 -18"><span class='ocrx_word' id='word_1_398' title='bbox 84 3862 85 3869; x_wconf 76' lang='grc'>’</span> <span class='ocrx_word' id='word_1_399' title='bbox 102 3855 241 3906; x_wconf 74' lang='lat' dir='ltr'>Meteonem</span> <span class='ocrx_word' id='word_1_400' title='bbox 248 3857 348 3921; x_wconf 67' lang='lat' dir='ltr'>neuun]</span> <span class='ocrx_word' id='word_1_401' title='bbox 359 3856 486 3909; x_wconf 76' lang='lat' dir='ltr'>Mutrouae</span> <span class='ocrx_word' id='word_1_402' title='bbox 492 3871 551 3924; x_wconf 85' lang='lat' dir='ltr'>pro·</span> <span class='ocrx_word' id='word_1_403' title='bbox 591 3857 686 3923; x_wconf 67' lang='lat' dir='ltr'>geniali</span> <span class='ocrx_word' id='word_1_404' title='bbox 704 3863 762 3908; x_wconf 87' lang='lat' dir='ltr'>toro</span> <span class='ocrx_word' id='word_1_405' title='bbox 779 3854 952 3907; x_wconf 75' lang='lat' dir='ltr'>collocabant.</span> <span class='ocrx_word' id='word_1_406' title='bbox 979 3853 1020 3903; x_wconf 82' lang='lat' dir='ltr'>Ad</span> <span class='ocrx_word' id='word_1_407' title='bbox 1031 3853 1120 3918; x_wconf 76' lang='lat' dir='ltr'>hujus·</span> 
     </span>
     <span class='ocr_line' id='line_1_44' title="bbox 84 3927 1120 3998; baseline -0.001 -17"><span class='ocrx_word' id='word_1_408' title='bbox 84 3948 97 3982; x_wconf 83' lang='lat' dir='ltr'>e</span> <span class='ocrx_word' id='word_1_409' title='bbox 120 3933 267 3996; x_wconf 81' lang='lat' dir='ltr'>nuptiarum</span> <span class='ocrx_word' id='word_1_410' title='bbox 288 3933 458 3985; x_wconf 79' lang='lat' dir='ltr'>celebrationi</span> <span class='ocrx_word' id='word_1_411' title='bbox 484 3948 551 3998; x_wconf 77' lang='lat' dir='ltr'>proe·</span> <span class='ocrx_word' id='word_1_412' title='bbox 590 3927 1057 3995; x_wconf 83' lang='lat' dir='ltr'>modiofliciumrpectutrepudicitire</span> <span class='ocrx_word' id='word_1_413' title='bbox 1066 3945 1120 3980; x_wconf 84' lang='lat' dir='ltr'>mu·</span> 
     </span>
     <span class='ocr_line' id='line_1_45' title="bbox 87 4007 1119 4074; baseline 0.004 -18"><span class='ocrx_word' id='word_1_414' title='bbox 87 4015 142 4057; x_wconf 89' lang='lat' dir='ltr'>tex</span> <span class='ocrx_word' id='word_1_415' title='bbox 154 4016 230 4071; x_wconf 85' lang='lat' dir='ltr'>purte</span> <span class='ocrx_word' id='word_1_416' title='bbox 243 4009 337 4071; x_wconf 76' lang='lat' dir='ltr'>uxorin,</span> <span class='ocrx_word' id='word_1_417' title='bbox 347 4009 415 4059; x_wconf 81' lang='lat' dir='ltr'>sicut</span> <span class='ocrx_word' id='word_1_418' title='bbox 430 4009 551 4074; x_wconf 80' lang='lat' dir='ltr'>Aruapex</span> <span class='ocrx_word' id='word_1_419' title='bbox 590 4011 666 4063; x_wconf 79' lang='lat' dir='ltr'>lieret</span> <span class='ocrx_word' id='word_1_420' title='bbox 685 4009 884 4070; x_wconf 86' lang='lat' dir='ltr'>adhibebantur,</span> <span class='ocrx_word' id='word_1_421' title='bbox 903 4021 961 4072; x_wconf 82' lang='lat' dir='ltr'>quae</span> <span class='ocrx_word' id='word_1_422' title='bbox 980 4007 1024 4056; x_wconf 90' lang='lat' dir='ltr'>uni</span> <span class='ocrx_word' id='word_1_423' title='bbox 1036 4008 1119 4060; x_wconf 82' lang='lat' dir='ltr'><strong>solum</strong></span> 
     </span>
     <span class='ocr_line' id='line_1_46' title="bbox 84 4083 864 4153; baseline 0 -21"><span class='ocrx_word' id='word_1_424' title='bbox 84 4091 141 4133; x_wconf 85' lang='lat' dir='ltr'>arte</span> <span class='ocrx_word' id='word_1_425' title='bbox 151 4083 246 4133; x_wconf 81' lang='lat' dir='ltr'>mariti.</span> <span class='ocrx_word' id='word_1_426' title='bbox 273 4083 330 4133; x_wconf 79' lang='lat' dir='ltr'>lttae</span> <span class='ocrx_word' id='word_1_427' title='bbox 341 4093 449 4149; x_wconf 81' lang='lat' dir='ltr'>nuptum</span> <span class='ocrx_word' id='word_1_428' title='bbox 461 4085 488 4134; x_wconf 92' lang='lat' dir='ltr'>iu</span> <span class='ocrx_word' id='word_1_429' title='bbox 499 4099 550 4133; x_wconf 84' lang='lat' dir='ltr'>urn-</span> <span class='ocrx_word' id='word_1_430' title='bbox 592 4087 812 4150; x_wconf 77' lang='lat' dir='ltr'>vironupsieteut.</span> <span class='ocrx_word' id='word_1_431' title='bbox 861 4146 864 4153; x_wconf 26' lang='grc' dir='ltr'>Ι</span> 
     </span>
    </p>

    <p class='ocr_par' dir='ltr' id='par_1_15' title="bbox 91 4156 1120 4224">
     <span class='ocr_line' id='line_1_47' title="bbox 91 4156 1120 4224; baseline 0.001 -15"><span class='ocrx_word' id='word_1_432' title='bbox 91 4158 194 4210; x_wconf 89' lang='lat' dir='ltr'>domum</span> <span class='ocrx_word' id='word_1_433' title='bbox 209 4159 385 4224; x_wconf 82' lang='lat' dir='ltr'>deducebant,</span> <span class='ocrx_word' id='word_1_434' title='bbox 404 4169 432 4211; x_wconf 88' lang='lat' dir='ltr'>et</span> <span class='ocrx_word' id='word_1_435' title='bbox 449 4161 550 4211; x_wconf 85' lang='lat' dir='ltr'>eumin</span> <span class='ocrx_word' id='word_1_436' title='bbox 623 4164 656 4213; x_wconf 72' lang='lat'>20</span> <span class='ocrx_word' id='word_1_437' title='bbox 672 4160 742 4212; x_wconf 75' lang='lat' dir='ltr'>Ntttt</span> <span class='ocrx_word' id='word_1_438' title='bbox 760 4157 851 4223; x_wconf 75' lang='lat' dir='ltr'>mart]</span> <span class='ocrx_word' id='word_1_439' title='bbox 876 4156 1008 4224; x_wconf 77' lang='lat' dir='ltr'>Antiquos</span> <span class='ocrx_word' id='word_1_440' title='bbox 1026 4159 1120 4224; x_wconf 74' lang='lat' dir='ltr'>geniti·</span> 
     </span>
    </p>
   </div>
   <div class='ocr_carea' id='block_1_10' title="bbox 0 0 1347 4702">
    <p class='ocr_par' dir='ltr' id='par_1_16' title="bbox 0 0 1347 4702">
     <span class='ocr_line' id='line_1_48' title="bbox 0 0 1347 4702; baseline 0 0"><span class='ocrx_word' id='word_1_441' title='bbox 0 0 1347 4702; x_wconf 95' lang='lat' dir='ltr'> </span> 
     </span>
    </p>
   </div>
  </div>
 </body>
</html>
