2678 4702
390 336 562 386 nunnoni
588 338 671 387 sor.
689 338 729 387 rr.
753 339 805 390 sc.
823 342 878 388 nr.
1114 329 1180 396 437

74 478 143 543 Cn.
166 479 334 546 Continuo
347 485 492 547 accurrit
508 483 629 562 adme,
647 504 747 568 quam
763 486 862 569 longe
878 488 1024 572 quidem,

73 582 251 660 Incurvas,
267 586 440 662 tremulus,
454 587 556 650 labiis
571 586 747 667 demissiS,
758 608 905 669 gemens.

72 684 193 750 Heus!
217 686 317 750 bens!
341 688 400 750 tibi
416 687 504 766 dico,
521 689 675 768 Chaerea,
692 690 817 773 inquit·
862 692 1002 758 Restiti.
1133 694 1177 758 ib

72 785 165 850 Scin’
179 788 261 870 quid
277 809 340 871 ego
357 798 390 854 te
403 791 584 856 vol'ebaml
606 794 674 857 dic.
719 794 802 857 Cras
817 801 870 859 est
884 795 966 859 mihi

70 887 256 954 Judicium.
302 890 392 969 Quid
410 895 504 957 tuml
550 893 598 957 Ut
618 893 795 974 diligenter
810 897 941 959 nunties

70 991 182 1068 Patri,
198 993 387 1057 advocatus
403 1015 501 1059 mane
515 997 596 1060 mihi
613 1016 689 1059 esse
704 1001 741 1059 ut
754 999 949 1061 meminerit.

69 1092 163 1156 Dum
179 1093 254 1158 haec
269 1094 361 1173 dicit,
376 1098 460 1161 abiit
473 1098 567 1163 bora.
612 1098 726 1179 Rogo,
743 1100 904 1182 numquid
921 1100 1015 1164 velit.

69 1193 192 1272 Recte,
209 1195 333 1278 inquit:
357 1199 456 1262 abeo.
500 1199 586 1265 Cum
600 1200 665 1263 huc
680 1200 828 1281 respicio
843 1200 887 1264 ad
898 1200 1072 1282 virginem,
1133 1201 1176 1264 50

67 1295 135 1359 Illa
147 1316 224 1359 sese
239 1298 369 1364 interea
384 1301 598 1366 commodum
613 1303 678 1366 huc
694 1301 884 1367 adverterat

69 1397 212 1463 Inbanc
227 1406 372 1464 nostram
384 1402 540 1485 plateam.
587 1405 655 1468 Pu.
681 1404 818 1481 Mirum,
828 1406 863 1467 ni
874 1404 1063 1482 benedicit,
1073 1403 1175 1469 modo

68 1499 164 1565 Huic
178 1522 258 1584 quae
283 1502 363 1566 data
385 1509 439 1567 est
458 1503 555 1568 dono.
602 1504 668 1569 Cri.
693 1505 775 1569 Huc
800 1526 877 1570 cum
904 1505 1063 1584 advenio,
1081 1504 1174 1569 nulla

199 1608 278 1666 erat.

67 1703 137 1768 ΡΑ.
162 1703 312 1768 Comites
326 1705 438 1769 secuti
453 1707 584 1772 scilicet
599 1715 676 1774 sunt
692 1711 876 1794 virginemt

66 1805 134 1872 CH.
159 1805 306 1870 Verum:
340 1811 513 1891 parasitus
535 1829 621 1875 cum·
639 1813 774 1877 ancilla.
829 1813 898 1876 ΡΑ.
921 1811 1005 1895 Ipsa
1027 1818 1099 1875 est:
1121 1810 1173 1873 ili·

198 1909 274 1973 cet!
712 1913 715 1917 ’
1128 1912 1173 1976 55

63 2083 111 2132 tim
126 2087 160 2135 od
175 2103 216 2163 me·
229 2085 304 2136 camd
323 2102 393 2151 qrmm
408 2089 477 2150 lunge
492 2095 555 2148 erat,
567 2094 638 2165 etate
653 2090 799 2151 tammam,
817 2084 1173 2164 tremaminrbeeiltitate31oiiis

61 2152 489 2281 mna...
501 2156 824 2282 mam
839 2155 943 2268 tran
957 2153 1172 2275 tutunus:

62 2293 143 2341 quum
180 2282 240 2329 Cras
257 2295 310 2329 nmo
319 2298 389 2331 eausa
399 2282 488 2343 agitur.
521 2286 567 2344 At,
581 2283 637 2346 qaid
652 2285 724 2334 inde?
740 2285 834 2358 iuquam
848 2298 899 2344 ego.
936 2285 971 2333 Ut
984 2283 1064 2331 sedulo
1079 2287 1172 2345 patrem

61 2357 160 2393 moneas
170 2360 236 2406 rago,
246 2351 273 2395 ut
283 2346 414 2395 meminerit
425 2362 492 2398 mnae
499 2352 659 2397 mmsnnstnre
670 2348 798 2408 injudicio.
833 2349 899 2398 Dam
909 2348 959 2398 bae
969 2345 1037 2408 dicit,
1046 2347 1170 2409 imaproe·

61 2409 138 2464 tritt
155 2425 232 2473 ρων
242 2411 353 2471 nmnqaid
364 2411 428 2460 velit.
463 2412 543 2471 Recte,
554 2412 641 2474 inquit,
653 2413 698 2460 tibi
707 2412 750 2473 sit,
760 2413 820 2461 eale.
856 2413 938 2470 Abeo,·
955 2426 1008 2460 cam
1018 2411 1063 2460 buc
1072 2409 1170 2472 respicio

59 2471 94 2518 ed
103 2472 231 2535 virgineus,
243 2474 286 2522 illa
293 2474 468 2525 intereeeadem
475 2480 574 2539 tempere
583 2476 711 2540 deflexerat
720 2477 745 2525 in
754 2478 813 2526 lanc
821 2481 924 2526 noemam
929 2479 1041 2538 plateam,
1049 2474 1090 2524 abi
1098 2472 1170 2523 ruas

58 2535 164 2594 tabam
198 2539 248 2587 ΡΑ.
266 2539 388 2588 Nimirum
401 2542 430 2588 de
445 2540 487 2588 itta
503 2541 606 2604 loquitur
619 2541 723 2603 uirgine,
733 2557 784 2604 quc
799 2540 883 2590 l'baidi
900 2543 987 2589 dumata
1003 2545 1039 2588 est
1054 2555 1070 2587 a
1080 2537 1169 2587 Milite.

60 2600 117 2649 Cu.
137 2603 199 2651 Cum
209 2604 253 2652 buc
262 2604 433 2665 Moesiacam
446 2620 493 2653 eea
510 2606 602 2680 reperi:
619 2606 774 2669 disparuerat.
807 2606 859 2654 ΡΑ.
877 2607 967 2669 Nempe
976 2604 1070 2654 cmnites
1079 2601 1171 2665 virgini

57 2666 171 2717 adeat.
195 2667 298 2718 (talto
309 2673 359 2718 est:
370 2668 782 2735 semtimntmmieumparasituset
792 2670 886 2720 αηείῑῑα.
910 2669 1078 2734 ΡΜρεαεεΐ.
1101 2670 1169 2731 dam,

525 2821 704 2849 ΝΙΙΜΙΙΝΟ

58 2941 155 2996 Goelf.
165 2948 190 2993 2.
199 2949 227 2993 et
237 2946 279 3006 qui
289 2948 315 2994 3.
329 2959 378 3008 pro
389 2945 533 3007 quum-49
550 2942 622 2992 Libri
642 2943 746 3008 quidam
766 2943 832 2992 Mss.
844 2949 872 2991 et
884 2941 952 3006 typis
964 2941 1091 3005 expressi,
1102 2941 1168 3001 Dum

58 3010 114 3066 lroec
135 3009 249 3072 loquitur.
271 3008 356 3061 West.
384 3009 452 3056 Dum
470 3007 521 3056 bae
535 3008 596 3061 dicit
615 3009 688 3058 dedit
707 3008 752 3057 Fa.
763 3008 836 3057 etsie
849 3007 915 3055 Edd.
928 3013 991 3055 vett.
1018 3005 1069 3054 Sed
1082 3007 1167 3056 nostri

56 3072 925 3200 tutatust“btttttttttbtttttutudit..
948 3071 1167 3199 {utuntur

57 3216 119 3251 csse
140 3200 167 3249 in
188 3200 276 3252 Guelf.
296 3205 389 3250 2.-5u
405 3201 537 3264 Scriptum
556 3201 639 3263 inquid
659 3201 686 3249 in
705 3199 791 3251 Gueli.
804 3205 828 3249 3.
840 3199 962 3248 etHuieu
974 3200 999 3247 iu
1011 3203 1036 3248 2.
1066 3199 1125 3248 Hoc
1137 3207 1167 3249 et

58 3269 152 3329 glossa
163 3267 190 3315 in
210 3267 255 3315 Br.
275 3267 372 3314 babet:
392 3273 419 3314 et
431 3266 516 3314 Bruns
536 3272 626 3314 notat:
643 3265 749 3330 ‘Atque
769 3265 806 3312 sio
826 3263 894 3312 forte
912 3264 972 3313 olim
992 3263 1088 3311 lectum
1105 3261 1167 3324 fuit,

54 3331 172 3394 huicque
191 3330 251 3380 lect.
260 3330 385 3379 convenit
396 3337 456 3378 uota
466 3331 517 3394 [sc.
531 3330 556 3378 in
570 3329 679 3393 glossaJ,
695 3331 702 3357 ‘
716 3329 813 3393 aliquid
828 3328 876 3377 tibi
889 3326 996 3377 dicere!
1005 3327 1075 3376 ’-⁵1
1097 3329 1165 3378 llloec

57 3410 85 3444 se
96 3395 144 3445 int.
155 3394 300 3444 Boin-se
318 3395 349 3443 In
359 3400 463 3442 nostrum
475 3395 499 3444 tr.
506 3393 542 3457 pi.
561 3395 622 3457 Bip.
633 3393 706 3443 Hanc
714 3400 790 3444 nostr.
800 3394 827 3442 ia
836 3395 939 3456 plateam
950 3389 1097 3448 Bora-sa
1114 3393 1167 3443 Re·

56 3474 129 3524 poqe
141 3474 193 3521 qua
204 3462 262 3508 data
271 3461 330 3506 dono
339 3464 385 3511 eet.
403 3460 483 3508 Bent.
517 3459 642 3523 Sequitur
652 3458 724 3507 Peri.
751 3459 819 3508 Data
835 3459 889 3507 baie
900 3475 951 3522 que
962 3460 1021 3507 dene
1032 3463 1066 3506 est
1086 3458 1165 3510 Botb.

56 3528 126 3585 *54
144 3524 217 3572 Tolle
230 3523 440 3585 interrogationis
452 3530 549 3572 notam.
567 3524 704 3574 Besa—ss
724 3523 794 3572 Libri
806 3522 909 3586 quadam
923 3523 1036 3586 junctim
1060 3523 1115 3584 Ipsa
1132 3525 1163 3570 'st

56 3588 163 3639 scilieet.
180 3589 263 3637 West.
292 3587 349 3650 ipra
358 3593 393 3636 est
410 3587 500 3637 scilieet
515 3588 549 3638 G.
562 3589 614 3636 ET.
627 3589 689 3637 ΕΜ.
708 3589 747 3638 ld.
756 3588 780 3636 in
792 3587 857 3636 Add.
876 3587 975 3637 Scilicet
986 3587 1066 3635 nostri
1079 3584 1163 3641 Codd,

56 3661 87 3709 et
106 3652 175 3702 Edd.
187 3658 305 3701 vetustae.
337 3652 567 3716 Taces-Faernus:
585 3653 631 3700 sed
640 3654 679 3702 ita
689 3653 764 3701 Bam.
777 3659 884 3701 notante
897 3652 931 3701 G.
949 3652 979 3700 F.
998 3649 1161 3712 Eugrapbius

57 3717 92 3767 ad
106 3718 207 3767 locam:
226 3716 305 3778 ‘Ipsa
324 3721 377 3766 est:
395 3717 476 3766 ilicet.
511 3716 620 3768 Quoties
639 3731 716 3764 causa
736 3717 769 3766 ab
789 3717 935 3765 oratoribus
950 3714 1162 3774 finiebatur,eta

51 3780 148 3847 judice
166 3781 298 3832 sententis
316 3779 382 3831 ferri
403 3789 528 3846 coepcmt,
544 3794 648 3844 semper
660 3780 878 3844 conclamabatur,
894 3780 983 3843 llicet,
1000 3778 1049 3827 boc
1062 3783 1104 3826 est
1114 3777 1159 3828 Ire

561 3922 669 3976 NOTAE

89 4037 123 4085 tu
142 4032 209 4094 uago
220 4028 408 4094 numquiduelit]
425 4027 541 4090 Abituri,
556 4043 590 4078 ne
629 4028 674 4080 Sic
691 4030 760 4081 Galli
785 4030 871 4078 solent
885 4027 983 4092 dicere,
997 4028 1162 4095 Vnuspluitii

55 4113 85 4165 id
96 4113 162 4162 dure
173 4105 446 4170 moerentiumque
461 4106 507 4168 vis,
518 4106 588 4155 dice·
629 4107 682 4157 ries
691 4121 728 4157 me
738 4101 902 4157 commender?

54 4191 123 4242 baut
153 4184 193 4238 bls
220 4182 373 4249 quibuscum
401 4171 601 4235 condidimus:
649 4205 651 4208 >
