2678 4702
361 270 625 326 inauratior.
643 274 675 320 v.
700 272 752 320 sa.
777 275 828 319 rr.
1065 252 1135 327 391:

93 477 100 493 .
125 418 288 496 Memini:
312 438 414 515 atque
433 433 519 498 adeo
542 423 741 517 longumest
755 454 815 498 nos
831 434 923 499 illurn
937 441 1129 520 expectare,

163 532 244 599 dum
258 541 370 598 exeat.

88 653 183 717 luere
204 633 268 705 bac
290 655 343 698 me
360 636 450 698 intus
465 634 509 699 ad
523 633 715 719 Glycerium
729 656 827 703 nunc.
871 637 936 716 Tu,
952 637 1058 716 Dave,
1072 639 1129 705 abi

162 735 319 801 domum:

88 855 180 922 >pere
196 856 339 917 arcesse,
354 836 432 902 hinc
448 837 507 920 qui
522 838 672 903 auferant
687 852 772 905 eam.
817 837 909 918 Quid
926 845 1023 909 stas‘l
1046 840 1129 928 quid

162 940 305 1003 cessasi
350 939 420 1003 Du.
444 939 505 1004 Εο.
1086 944 1130 1027 ld

101 1040 300 1120 expectetis,
314 1038 392 1107 dum
405 1046 528 1106 exeant
540 1041 603 1106 huc
616 1063 624 1106 :
639 1042 727 1105 intus
742 1041 1020 1124 despondebitur;

88 1159 127 1202 us
143 1141 351 1222 transigetur,
372 1142 402 1204 si
418 1141 498 1224 quid
515 1152 577 1220 est,
593 1143 684 1226 quod
699 1150 813 1208 restet.
864 1150 895 1205 Ω
924 1145 1092 1211 Plaudite.

357 1276 585 1326 concinctus
609 1278 813 1326 REGENSUI.

88 1442 98 1492 Ξ.
133 1443 241 1503 Longmu
256 1457 312 1491 uera
329 1447 421 1506 tempus
436 1450 472 1494 est
483 1460 525 1494 uas
535 1450 666 1506 expectare,
677 1447 748 1493 donea
758 1446 798 1494 iile
814 1449 883 1494 exeat
893 1446 973 1493 ramo:
992 1449 1019 1494 tu
1035 1453 1129 1506 marem

92 1521 130 1554 me
149 1507 223 1556 irtus.
257 1507 369 1555 Chremes
385 1523 447 1556 runc
465 1514 500 1557 est
521 1510 545 1557 iu
562 1511 650 1557 cedibus
670 1510 785 1570 Glycerii.
821 1509 865 1566 Tu,
884 1509 963 1567 Dare,
978 1509 1128 1558 abidomum.

88 1571 139 1625 iria.
170 1570 270 1619 Accerse
284 1572 355 1633 uiros,
365 1575 405 1634 yui
416 1587 467 1620 eom
478 1572 589 1631 auserunt
606 1589 637 1622 ex
651 1576 727 1634 domo,
745 1574 785 1622 ubi
795 1587 857 1621 nuuc
868 1577 912 1632 est,
924 1577 947 1621 et
958 1575 989 1620 ad
999 1587 1040 1622 uos
1051 1579 1129 1620 trust·

88 1639 116 1683 rt.
153 1635 218 1689 Quid
237 1639 287 1682 etas
305 1633 434 1686 immotus?
452 1635 518 1692 Quid
535 1637 634 1687 tar-aas?
668 1639 721 1686 DA.
738 1639 784 1685 Ea.
817 1638 857 1685 Ne
875 1638 1010 1698 expectetis,
1031 1635 1130 1698 Specta·

88 1714 100 1758 r,
115 1699 172 1748 dum
182 1699 228 1746 buc
238 1705 325 1747 eaeaut
335 1701 362 1748 irs
372 1701 517 1761 proscenium
527 1704 627 1749 Actoree
638 1702 722 1749 rostri.
755 1702 824 1750 Iulus
834 1699 950 1762 sponsalia
954 1701 1027 1764 fieret.
1061 1700 1130 1749 Istus

88 1768 123 1811 rte
137 1762 291 1879 issslzixdmeuoe,
301 1764 331 1812 de
345 1764 469 1828 Chrysidis
480 1764 627 1822 boereditute,
637 1768 710 1827 deque
721 1766 804 1814 ortuis
814 1765 883 1816 rebus
893 1768 1010 1815 crureuiet
1020 1768 1043 1814 et
1054 1768 1132 1814 trare·

88 1841 119 1876 rr.
221 1828 261 1877 its.

453 1892 582 1954 Calliopius
596 1890 709 1943 recessui.

488 2032 671 2055 mm

88 2116 130 2166 uit
146 2117 287 2166 Bora-14
313 2117 380 2166 Haec
401 2118 472 2166 varie
495 2119 625 2182 leguntur.
648 2117 757 2166 Plurimi
779 2116 849 2179 iibri,
871 2132 929 2165 cum
949 2116 1052 2180 scripti,
1073 2123 1128 2171 tum

88 2181 165 2230 ressi:
183 2181 284 2243 Sequere
294 2183 338 2230 irae
349 2197 401 2231 me:
416 2184 482 2231 intur
492 2185 553 2245 apud
567 2183 702 2246 Glycerium
714 2197 775 2230 nuuc
785 2187 829 2231 est.
852 2181 914 2243 Alii,
931 2181 1031 2244 &quere
1041 2182 1085 2231 bac
1094 2198 1130 2235 me

88 2261 103 2296 r.
137 2245 209 2306 Apud
222 2246 360 2311 Glycerium
370 2253 487 2296 truncat.
521 2247 660 2296 Potiorest
672 2248 759 2306 lectio,
770 2260 847 2309 quam
859 2247 964 2294 exhibui
976 2263 982 2294 :
1001 2259 1085 2308 neque
1096 2261 1129 2298 ea

89 2324 188 2371 ‚neque
202 2311 287 2373 probis
301 2310 359 2359 edd.
370 2320 450 2360 caret.
460 2312 533 2360 Wert.
551 2311 622 2360 lutus
632 2314 694 2375 apud
708 2311 846 2374 Glycerium
856 2325 916 2359 uuna
927 2316 962 2360 est
973 2310 1006 2360 G.
1016 2311 1077 2360 EM.
1088 2312 1127 2361 Id.

89 2377 133 2424 dd.
143 2374 215 2422 Bem.
227 2375 263 2422 its
275 2375 368 2424 babet:
385 2374 486 2437 Sequere
494 2377 538 2423 bac
546 2391 583 2424 me
594 2377 658 2424 intus
667 2378 698 2423 ari
711 2376 848 2438 Glycerium
858 2389 927 2423 uuae.
945 2375 1063 2423 Donatus
1072 2375 1109 2424 sic
1121 2392 1128 2425 ε

88 2453 134 2487 tere
150 2453 187 2487 me
205 2439 269 2486 intus
279 2439 342 2501 apud
361 2440 507 2503 Glycerium.
519 2441 564 2488 Fa.
588 2440 640 2487 Pro
651 2455 721 2500 nuuc,
733 2438 814 2486 nostri
826 2452 914 2487 omnes
926 2453 987 2487 nuuc
998 2444 1040 2495 est,
1058 2439 1127 2503 qnod

90 2517 120 2550 us
132 2502 187 2565 ipse
196 2503 326 2565 postetam
339 2510 366 2551 ut
376 2512 404 2551 et
414 2504 478 2552 vidit
487 2503 657 2552 rireruditus.
672 2505 742 2552 Brut.
755 2503 797 2564 qui
806 2503 879 2564 legit,
891 2508 1016 2565 sequente
1024 2501 1129 2564 Botlrio,

88 2583 121 2616 uec
138 2581 194 2614 me:
209 2568 275 2616 iutus
291 2583 330 2628 ap.
350 2567 486 2630 Glycerium
497 2574 622 2616 uuaeest:
640 2573 667 2616 et
679 2568 716 2616 sic
734 2568 781 2617 Br.
802 2567 851 2614 nisi
870 2566 938 2630 qrrod
958 2567 1066 2616 invertit
1083 2567 1128 2615 bac

107 2629 254 2692 Anteponit
265 2631 336 2679 Peri.
356 2632 526 2679 westerhovii
538 2632 741 2680 distinctionem.
769 2633 867 2694 Legere
880 2629 999 2682 (inette.
1012 2632 1074 2694 apud
1086 2632 1128 2686 Gi.

90 2703 118 2742 et
130 2695 267 2743 Peri—15
285 2695 390 2756 Propere
407 2709 504 2743 arcesse.
538 2696 580 2745 lta
598 2698 662 2744 Mss.
687 2696 874 2758 Lugdunenses
896 2710 993 2753 omnes,
1011 2704 1039 2743 ct
1051 2695 1128 2744 Bodl.

88 2772 118 2806 ue
130 2759 168 2806 itu
179 2774 212 2807 ex
223 2767 288 2808 vett.
298 2757 381 2807 Codd.
401 2760 521 2822 legebant
538 2760 669 2822 Guyetus,
682 2761 713 2811 F.
724 2761 867 2820 Fabricius,
878 2759 952 2809 Lind.
973 2760 1048 2808 Wert.
1066 2761 1128 2808 Pro·

96 2839 105 2871 .·
123 2834 220 2870 accerse.
253 2823 376 2872 Meliores
388 2828 415 2871 et
428 2825 514 2886 piures
529 2824 600 2884 iibri,
617 2825 720 2884 Propere
732 2838 830 2874 accerse.
846 2825 907 2872 Sine
920 2821 996 2869 dubio
1008 2823 1063 2871 baec
1073 2837 1126 2872 me·

97 2886 185 2936 lectio.
204 2887 279 2936 Beut.
315 2888 429 2950 Propera,
447 2901 536 2936 arcesse
552 2888 584 2939 Z.
611 2887 659 2935 Abi
676 2889 769 2935 domum
778 2901 883 2949 propere.
908 2886 1127 2934 accersens-re

88 2951 208 3013 ‚qnidam
224 2955 304 3001 exeat.
337 2951 415 3000 itaet
428 2951 557 3000 uonrrullae
570 2951 699 3000 editorum
710 2956 842 2999 ceterum:
862 2947 964 3012 quando
975 2947 1126 3011 Pamphilus

88 3015 271 3077 sirrteiligitur.
306 3015 416 3066 Quidam
429 3016 492 3065 Mes.
509 3023 536 3064 et
547 3015 603 3068 ΕΡ.
623 3014 808 3077 desponsabitur.
824 3013 907 3063 West.
942 3011 1006 3060 Hice
1017 3026 1063 3074 pro
1082 3013 1127 3062 buc

89 3095 105 3125 ι.
118 3081 163 3142 qui
173 3080 221 3127 hoc
232 3080 315 3128 minas
329 3080 394 3127 bene
403 3094 460 3128 esse
469 3083 633 3131 censen—ll
650 3085 672 3128 o
687 3077 808 3127 Plaudite.
833 3077 892 3125 Non
904 3090 954 3123 una
965 3076 1126 3130 eruditorum

88 3143 157 3190 inum
170 3143 202 3190 de
214 3143 261 3192 bac
273 3150 334 3192 nota
346 3141 393 3208 (o)
405 3151 444 3191 est
456 3143 596 3192 sententia.
619 3142 724 3191 Petitur
737 3155 770 3189 ex
779 3140 876 3202 duplici
885 3157 921 3203 oo,
931 3139 958 3188 id
967 3147 1016 3202 est,
1025 3139 1127 3203 dixitur,

89 3221 114 3262 a,
125 3214 241 3268 caterva,
251 3207 318 3270 quod
336 3209 360 3255 in
374 3208 474 3257 Graecis
486 3205 626 3256 Comoediis
643 3204 723 3255 fcrerit
735 3205 891 3268 appositum,
901 3201 931 3252 rb
941 3221 959 3252 u
969 3213 1059 3254 natum
1068 3219 1125 3255 esse

88 3278 156 3319 insat.
191 3270 380 3333 Bruciems‚uti
392 3285 443 3320 non
452 3280 542 3333 negat,
558 3268 587 3316 eb
608 3269 764 3318 ‘Plaudite'
780 3283 796 3316 a
815 3277 871 3316 toto
883 3270 1035 3317 histrionum
1046 3284 1125 3332 grege

88 3348 106 3381 e
118 3333 295 3395 acclamatum,
315 3335 353 3384 itu
364 3336 508 3396 contendit,
520 3334 661 3397 antiquitus
672 3347 722 3381 non
733 3338 763 3388 n,
774 3332 843 3396 qrrod
856 3333 901 3381 Fa.
915 3333 1043 3394 reperisse
1054 3349 1082 3382 se
1100 3335 1125 3384 in

88 3398 113 3446 d.
132 3399 312 3453 venustissimis
324 3399 425 3461 scribit,
443 3399 489 3447 sed
502 3400 526 3447 G
538 3400 663 3461 scriptum
676 3397 766 3457 inisse,
783 3412 833 3460 quo
844 3398 912 3446 Grex
922 3395 1002 3446 fuerit
1013 3407 1126 3450 notatus.

88 3463 153 3513 ieria
161 3467 182 3510 n
193 3477 208 3512 a
220 3463 343 3512 Librariis
351 3464 468 3513 additum
477 3470 604 3526 autumat,
614 3469 643 3512 ut
654 3469 724 3512 esset
735 3463 836 3526 signum
848 3462 929 3522 Finis,
937 3464 1065 3527 quomodo
1074 3465 1125 3514 ele«

479 3585 480 3588 ¹
522 3590 629 3643 NOTAE

88 3694 90 3730 i
113 3686 162 3743 Qui
181 3685 291 3746 auferunt
309 3687 372 3751 eam]
389 3688 556 3750 Virgomup·
597 3685 701 3735 entibus
712 3683 824 3736 feliciter
843 3683 972 3735 cessisset.
1007 3683 1065 3733 Quo
1085 3697 1125 3731 re·

88 3764 151 3824 lata,
162 3764 268 3826 antiquo
280 3765 331 3812 ritu
344 3765 513 3813 simulabatur
524 3779 557 3814 erc
598 3762 709 3824 spiciens
721 3762 839 3810 Catullus
861 3760 940 3809 dicit:
964 3760 1034 3811 ‘Qui
1051 3759 1123 3824 ,rapis

88 3840 125 3888 rio
139 3838 234 3901 matris,
247 3847 301 3902 aut,
318 3840 338 3888 si
357 3855 388 3888 ea
400 3841 513 3903 deesset,
525 3855 556 3891 ex
598 3844 714 3886 teneram
745 3837 777 3884 ad
801 3837 883 3884 virum
906 3833 1068 3896 Virginemt'
1096 3836 1124 3884 in

88 3917 144 3964 irna
155 3915 346 3965 necessitudine
358 3916 464 3964 mrriiere
483 3914 554 3976 rapi3
597 3906 871 3977 Epithalamio'Manlii
880 3917 907 3957 et
917 3909 1003 3959 Juliae.

98 3991 131 4038 ad
151 3991 232 4038 sirum
247 3988 465 4041 transferebatur:
486 3991 556 4055 quod
629 3994 659 4039 lt
671 3983 1071 4049 Plaudite]‘Plaudere'verbum
1084 3994 1124 4040 est

88 4082 110 4116 rs
122 4067 232 4115 Romulo
248 4065 350 4130 suisque
364 4062 555 4129 Sabinas‘rspi·
597 4067 745 4127 textricum,
754 4061 854 4112 Graecis
865 4060 957 4124 σπαθᾷν
968 4061 1008 4108 vel
1018 4063 1108 4125 κροτεῖν
1114 4076 1124 4131 c¹
