2678 4702
200 280 266 346 274
577 295 607 343 r.
630 292 813 344 ranan'rrr
839 295 928 344 arni

202 443 282 508 Non
295 440 351 522 qui
367 443 594 518 argumentum
607 444 731 514 narret,
756 437 814 500 sed
835 437 893 520 qui
907 436 1067 500 malevoli

200 542 334 607 Veteris
352 539 470 604 Poetae
485 537 670 603 maledictis
686 539 900 621 respondeat

201 643 313 720 Nunc,
331 661 429 724 quam
445 659 513 704 rem
527 640 612 704 vitio
626 641 715 718 dent,
731 661 847 723 quaeso
863 641 1008 705 animum
1024 639 1208 704 advortite.

200 741 381 807 Menander
395 741 476 806 feeit
491 741 654 807 Andriam
669 749 702 807 et
717 742 940 806 Perinthiam:

201 843 272 922 Qui
286 843 450 907 utramvis
464 849 554 906 reete
569 844 669 918 norit,
693 845 810 907 ambas
825 835 971 907 noverit.

200 945 281 1010 Non
296 945 343 1007 ita
357 943 514 1007 dissimili
529 950 610 1007 sunt
624 949 830 1024 argumento,
845 942 907 1007 sed
921 949 1038 1007 tamen

199 1044 368 1110 Dissimili
383 1045 531 1109 oratione
547 1052 626 1109 sunt
638 1045 751 1122 saetae,
766 1065 806 1110 ac
822 1045 921 1128 stylo.

200 1146 288 1225 Quae
304 1162 487 1210 convenere
502 1144 536 1208 in
551 1143 723 1223 Andriam,
737 1164 782 1209 ex
798 1144 974 1210 Perinthia

200 1247 339 1311 Fatetur
353 1245 573 1321 transtulisse,
589 1250 688 1326 atque
702 1264 798 1308 usum
812 1264 874 1328 pro
891 1246 973 1310 suis.

198 1347 240 1412 Id
256 1348 312 1411 isti
325 1347 517 1428 vituperant
530 1344 675 1422 iaetum3
699 1350 801 1425 atque
816 1347 852 1409 in
867 1366 909 1410 eo
923 1345 1116 1431 disputant,
1256 1346 1289 1410 li

199 1445 428 1512 Contaminari
442 1465 506 1509 non
521 1445 638 1509 decere
653 1443 799 1508 fabulas.

197 1645 235 1694 dis
246 1644 341 1705 cogitur
358 1644 396 1693 nti
412 1658 482 1706 opera
497 1642 569 1694 aliter
579 1648 650 1704 mque
660 1643 782 1693 manmit:
797 1656 850 1691 earn
857 1641 1128 1704 argumentamsaoatm
1138 1660 1185 1694 nors
1194 1647 1289 1706 ermari

196 1710 237 1756 ssd
247 1708 383 1769 respondeat
394 1707 598 1756 criminationibus
608 1707 678 1755 Lusii
688 1706 793 1766 Lauinii
804 1709 890 1756 veteris
900 1707 984 1756 Polite
991 1709 1112 1758 mahnoa.
1147 1711 1219 1758 Narro
1227 1713 1291 1757 amen

196 1771 301 1819 animam
311 1770 436 1830 attendite,
449 1773 478 1819 ds
487 1785 532 1833 qao
543 1785 570 1820 re
580 1772 713 1819 adversarii
723 1771 784 1819 hona
794 1770 935 1834 vituperent.
958 1772 1096 1822 Menander
1108 1773 1188 1822 Poi'to
1200 1771 1292 1821 Comiter

200 1833 367 1892 Graeasfeeit
378 1834 530 1883 Perinthiam
540 1840 564 1883 et
574 1834 694 1882 Andriam
707 1834 847 1883 Comoedias.
882 1834 931 1890 Qui
948 1850 1021 1884 anam
1039 1849 1126 1885 earam
1142 1837 1291 1898 aaronitas„

197 1897 358 1954 bannonerit3
377 1899 434 1947 adeo
452 1898 526 1947 simili
542 1903 597 1946 eant
609 1898 687 1958 saetae
704 1903 853 1959 argomento,
869 1900 911 1947 sed
929 1899 1043 1948 dissimili
1053 1903 1137 1950 tamen
1147 1903 1292 1950 sermoneret

197 1962 266 2010 modo
274 1962 390 2024 hadardi.
424 1962 546 2011 Terentiae
557 1962 653 2023 satetm
670 1962 764 2024 quidem
782 1977 808 2011 se
826 1963 973 2011 manamine
991 1977 1023 2012 ee·
1034 1964 1177 2027 Perinthia,
1188 1962 1293 2013 Comoedir

200 2027 287 2075 Graeca
299 2026 436 2086 Menandri,
452 2027 479 2075 in
495 2041 562 2076 suam
583 2027 726 2076 Comoediam
743 2024 861 2076 Andriam
873 2027 987 2075 Latinam
997 2041 1050 2089 quae
1060 2028 1111 2077 sihi
1121 2032 1240 2078 mmmoda
1253 2027 1293 2076 aa

196 2096 261 2151 sant,
271 2091 353 2153 nuque
363 2106 429 2139 asam
440 2090 607 2153 tanquamsibi
622 2091 733 2152 propriis.
766 2089 840 2138 Hane
858 2103 909 2139 rem
925 2091 968 2139 isti
985 2092 1098 2153 culpant:
1115 2094 1214 2156 ideoque
1226 2091 1293 2154 dirps·

196 2160 276 2204 tontes
291 2156 369 2218 aiant,
378 2156 513 2204 indecoram
529 2169 578 2204 esse
589 2153 687 2214 fatales
699 2153 805 2203 Comicus
815 2153 942 2218 eorrumpi,
951 2155 1054 2206 alteram
1062 2157 1139 2206 alteri
1149 2155 1293 2206 inmensa.

660 2291 838 2313 ΜΝΝΜΙΟ

198 2393 328 2441 west-l
345 2393 472 2444 Maledieis
481 2393 547 2457 legit
558 2399 697 2459 tueturque
708 2394 835 2447 notu-s
852 2392 1028 2445 Gueli8.Br.
1045 2394 1239 2445 animadvertite.
1268 2393 1291 2443 ln

198 2456 287 2506 Gnelf.
301 2462 323 2507 l.
341 2458 433 2520 script.
454 2460 641 2507 adeertita-ll
661 2460 759 2508 ltonon
776 2464 830 2508 sant
850 2460 907 2509 diss.
925 2473 979 2520 arg·
1006 2459 1088 2507 Both.
1102 2459 1207 2508 edidit:
1224 2461 1291 2522 ‘quo

197 2521 293 2582 modo,'
309 2523 356 2579 ait,
371 2522 443 2569 ‘hare
456 2522 534 2570 verba
545 2523 622 2570 etiam
634 2525 756 2572 Donatus
775 2525 816 2572 vel
834 2524 935 2586 scripta
945 2523 1057 2584 invenit,
1076 2525 1122 2579 rel
1142 2530 1216 2573 eerte
1234 2520 1291 2573 ordi·

197 2585 253 2632 nari
265 2585 361 2634 voluit)
392 2587 445 2632 ‘Et
455 2589 534 2634 tamea
547 2587 624 2635 Bent.
636 2588 777 2650 eleganter.
810 2587 894 2638 Quam
907 2589 967 2636 leet.
983 2593 1007 2636 et
1027 2593 1123 2648 postea
1143 2600 1172 2635 se
1192 2602 1234 2651 ap.
1250 2587 1291 2637 aa·

197 2649 332 2710 graphium
352 2650 478 2710 reperisse
495 2649 562 2696 idem
576 2648 695 2700 affirmat.
728 2651 839 2702 Aleed!
856 2652 956 2700 Perlet.
989 2649 1066 2699 ‘Nisi
1083 2650 1169 2699 elidas
1187 2651 1213 2699 in
1231 2664 1290 2712 argr-

196 2716 275 2760 mento
285 2712 421 2773 syllabam,
439 2726 488 2760 non
508 2720 609 2762 constat
629 2716 763 2764 trimeter:
784 2723 829 2764 ant
846 2716 896 2764 nisi
916 2716 986 2778 legas
998 2714 1056 2764 dien
1067 2729 1126 2776 arg.
1137 2713 1212 2765 sant?
1227 2716 1289 2764 Eras-

197 2790 261 2824 mus.
296 2776 339 2824 Set
350 2776 492 2825 Boin-la
511 2776 577 2826 Post
593 2779 683 2828 ‘Per.'
700 2779 755 2828 vult
767 2781 844 2828 Bent.
861 2780 915 2829 hio.-
932 2779 1002 2843 qnod
1014 2778 1100 2827 edidit
1112 2779 1186 2828 Perl.
1219 2781 1288 2831 ‘Qua

197 2839 307 2888 emend!
326 2841 363 2888 ait
374 2840 451 2889 Both.
468 2843 476 2868 ⁸
489 2840 636 2890 confirmari
648 2842 753 2892 videtur
764 2843 854 2892 codice
868 2846 900 2906 ll,
913 2842 938 2890 iu
951 2858 1002 2906 quo
1015 2849 1074 2904 post
1087 2844 1096 2870 ⁴
1108 2844 1181 2892 Per!
1198 2844 1289 2892 verbm

197 2904 272 2968 quale
281 2904 325 2965 hii,
337 2905 354 2953 i.
368 2919 390 2954 e.
401 2906 436 2960 lii,
457 2906 497 2953 vel
509 2906 632 2969 quiddam
644 2908 737 2968 simile,
749 2908 885 2956 evidenter
896 2921 997 2956 erasnm
1009 2905 1069 2956 eet.’
1105 2908 1202 2956 Monet
1212 2907 1288 2958 Perlet

197 2968 298 3016 tienon
310 2968 642 3020 habereGuelf.2.d.-15
660 2972 797 3020 Gorennus
813 2972 862 3020 Isti
880 2971 906 3020 id
924 2985 957 3019 ex
976 2969 1041 3019 libb.
1058 2971 1178 3034 antiquis
1197 2971 1229 3021 oh
1247 2985 1288 3019 me·

197 3039 274 3080 trum.
296 3034 373 3084 Wart.
407 3032 459 3082 Gn.
470 3038 494 3085 1.
511 3034 538 3082 ia
548 3049 610 3092 eam,
626 3049 706 3096 prave
723 3036 828 3096 legente
843 3035 958 3084 librario.
974 3034 1119 3084 Both-16
1136 3035 1169 3084 In
1185 3034 1288 3100 qnihmd·

196 3097 261 3147 Mes.
281 3098 371 3147 debas.
389 3097 472 3148 West.
505 3099 646 3161 Exemplar
666 3098 839 3148 Bibliotheca
856 3099 935 3163 Regis
952 3099 1059 3148 Galliar.
1079 3099 1176 3150 delae.
1194 3099 1287 3148 Lina.-

691 3241 798 3292 NOTAE

229 3358 245 3402 9
262 3353 403 3417 Menander]
427 3351 489 3403 Fuit
506 3351 591 3402 Polite
606 3353 726 3415 Graeeus,
765 3353 891 3416 Thraciae,
910 3369 967 3418 oure
987 3354 1053 3403 Pera
1068 3361 1112 3403 est
1124 3354 1288 3414 Volaterrano,

196 3428 319 3491 princeps
342 3441 414 3476 novae
440 3427 590 3488 Comoedioe,
615 3429 648 3477 de
675 3443 727 3492 qun
766 3427 1120 3491 RodostoBelouio,Pantira
1137 3429 1265 3480 Castaldo.

197 3502 307 3552 Ovidius
328 3502 373 3551 lih.
397 3516 417 3553 ι.
440 3503 499 3554 Am.
534 3505 625 3554 ‘Dum
647 3503 725 3553 fallax
797 3504 1188 3566 larnamman,eel²ertmata
1197 3509 1288 3554 trade·

196 3593 296 3638 servus,
321 3578 401 3627 durus
422 3585 506 3642 pater,
528 3579 646 3643 improba
666 3582 727 3631 leun
765 3579 831 3643 hese]
852 3582 971 3630 Donatus
982 3582 1019 3630 ait
1030 3582 1186 3633 Terentium
1196 3582 1289 3646 primm

196 3655 310 3716 vixerit,
326 3660 353 3703 et
365 3655 490 3704 meretrix
502 3654 606 3717 blanda,
617 3656 726 3705 Menan·
765 3656 875 3706 Saeuam
887 3658 1030 3712 Perinthia
1036 3659 1182 3709 Menandri
1193 3660 1220 3708 io
1230 3670 1288 3709 suan

196 3730 320 3782 deterit!
349 3731 391 3780 Ad
402 3731 458 3794 ejus
468 3733 616 3795 exemplum
627 3733 726 3781 Teren·
767 3732 892 3782 Andriam
904 3734 1075 3784 transtulisse.

197 3809 248 3857 tius
266 3823 295 3858 se
313 3808 474 3872 composuit,
496 3807 555 3856 ideo
577 3808 726 3857 dimidiatus
798 3812 830 3858 lo
848 3809 1013 3858 Contaminari
1032 3824 1079 3858 non
1097 3812 1181 3860 desere
1194 3805 1290 3872 semler]

195 3884 341 3935 Menander
364 3901 380 3935 a
401 3885 431 3935 C.
453 3885 557 3935 Caesare
580 3884 726 3935 nominatus
766 3884 941 3934 Contaminari
956 3900 997 3933 res
1015 3883 1126 3945 dieitur,
1144 3901 1206 3936 cum
1225 3885 1290 3937 alteri

197 3957 258 4010 suit.
765 3961 805 4010 rei
822 3961 860 4009 ita
876 3959 1046 4022 immiscetur,
1065 3968 1096 4010 ut
1113 3969 1211 4012 neutra
1219 3962 1290 4011 ineat·

229 4035 391 4098 Perinthiam]
425 4035 561 4086 Perinthia
594 4034 726 4084 Comoedia
765 4043 845 4100 rupta
854 4042 966 4085 maneat.
992 4034 1081 4084 Livias
1094 4036 1142 4085 lib.
1154 4051 1197 4087 ιν.
1215 4036 1289 4085 ‘Con-

197 4108 336 4160 Menandri
360 4112 431 4162 dieta
458 4128 474 4162 a
499 4111 633 4175 Perintho,
660 4110 726 4160 urhe
764 4110 1289 4178 mminariranguinemsaumpatreneoa
