2678 4702
256 341 263 349 .
346 324 395 372 ns
417 322 558 372 unrms
580 322 852 373 consumatus.
1081 308 1147 376 248

102 499 105 502 ·
171 481 296 541 Tardius
309 489 343 540 ut
356 481 446 561 paulo
460 481 632 560 graviorque
645 480 759 540 veniret
772 480 811 540 ad
825 462 923 555 aurea,

170 575 338 654 Spondoeos
353 575 474 635 stabiles
489 576 517 633 iu
528 575 597 655 jura
608 583 732 655 paterna
744 578 856 657 recepit

172 672 354 731 Commodus
368 681 399 731 et
409 672 542 751 patiens:
564 691 624 731 nou
637 683 671 732 nt
685 672 722 732 de
737 674 809 733 sede
823 673 956 735 secunda

173 768 302 828 Cederet
315 778 367 827 aut
380 776 486 845 quarta
499 767 663 827 socialiter:
683 766 732 827 hic
747 778 778 829 et
791 769 820 827 in
835 768 908 830 Acci

173 863 331 923 Nobilibus
346 862 483 921 trimetris
497 871 620 941 apparet
631 881 714 922 rarus
734 875 764 923 et
777 865 866 925 Enni.

173 959 209 1018 lu
224 977 342 1020 scenam
354 960 462 1019 missus
476 979 544 1019 cum
556 978 666 1038 magno
679 960 808 1040 pondere
823 980 923 1022 versus

173 1055 234 1112 Aut
248 1072 346 1132 operae
360 1053 462 1114 celeris
477 1054 598 1113 nimium
611 1075 742 1135 curaque
757 1059 896 1128 carentis,

174 1151 236 1208 Aut
249 1150 393 1227 ignoratn
407 1151 512 1229 premit
525 1153 595 1211 artis
609 1153 729 1213 crimine
740 1154 830 1232 turpi.

175 1245 245 1303 Non
260 1245 357 1323 quivis
372 1245 452 1306 videt
465 1246 656 1308 immodulata
670 1251 809 1328 podmata
817 1248 930 1328 judex:
1015 1323 1021 1333 ι

175 1341 214 1399 Et
228 1340 299 1400 data
310 1341 452 1402 Romanis
467 1343 554 1416 venia
568 1353 614 1403 est
627 1343 751 1424 indigna
763 1345 871 1425 politis.

176 1435 328 1496 ldcirc'one
341 1457 440 1515 vager,
455 1438 639 1517 scribamque
652 1440 794 1500 licenter?
814 1449 848 1501 ut
861 1458 963 1500 omues

175 1530 300 1591 Visuros
312 1543 436 1610 peccata
451 1544 551 1612 putem
564 1553 640 1606 mea,
654 1544 736 1595 tutus
750 1546 781 1595 et
793 1537 872 1596 intra

178 1627 268 1705 Spem
281 1629 376 1687 veniae
390 1629 516 1688 cautus?
537 1629 626 1689 vitavi
640 1629 769 1710 denique
783 1631 913 1711 culpam,

175 1724 204 1781 N
206 1743 245 1783 on
259 1724 376 1785 laudem
390 1729 494 1787 merui.
534 1729 596 1787 Vos
607 1731 787 1808 exemplaria
801 1731 911 1793 Graeca

179 1818 334 1881 Nocturna
347 1833 462 1884 versate
477 1845 577 1898 manu,
589 1838 706 1886 versate
722 1826 839 1889 diurna.

180 1917 220 1973 At
232 1917 321 1976 vestri
334 1922 434 1997 proavi
447 1921 603 1982 Plautinos
618 1933 648 1981 at
661 1942 798 1983 numeros
811 1934 842 1984 et
905 1986 913 2001 ‚

180 2012 350 2074 Laudavere
366 2016 462 2076 sales:
484 2016 605 2075 nimium
619 2016 764 2094 patienter
777 2028 945 2094 utrumque,

181 2107 227 2167 Ne
242 2108 349 2178 dicam,
364 2110 454 2170 stulta
467 2110 581 2178 mirati:
604 2111 629 2170 si
642 2111 731 2170 modo
745 2131 802 2190 ego
817 2120 846 2170 et
860 2131 914 2171 vos

181 2203 296 2263 Scimus
311 2205 487 2265 inurbanum
498 2206 599 2286 lepido
615 2225 756 2285 seponere
771 2207 861 2282 dicto,

181 2299 415 2380 Legitimumque
430 2321 536 2361 sonum
550 2300 651 2380 digitis
664 2302 806 2363 callemus
820 2311 850 2363 ct
864 2320 943 2361 aure.

82 2443 200 2505 andide
214 2444 310 2522 magis
324 2443 362 2503 de
375 2444 412 2502 iis
420 2443 546 2523 judicat,
557 2445 783 2506 venustissimus
797 2446 827 2506 in
843 2445 923 2508 tenui
938 2445 1058 2508 materia
1069 2446 1159 2527 scrip·

82 2561 115 2615 u,
129 2540 326 2600 Terentianus
339 2540 473 2612 Maurus,
487 2559 517 2619 p.
534 2541 625 2600 2433.

264 2668 410 2746 Culpatur
423 2679 522 2728 autem
537 2687 638 2727 versus
651 2667 681 2725 in
695 2667 873 2747 Tragoediis,

263 2764 302 2821 Et
314 2782 397 2822 rarus
411 2763 501 2822 intrat
515 2781 552 2821 cx
564 2761 669 2823 iambis
684 2762 839 2823 omnibus:

268 2859 309 2919 Ut
321 2858 371 2918 ille
386 2869 499 2930 contra,
514 2859 564 2937 qui
579 2857 711 2917 secundo
725 2868 756 2916 et
768 2858 876 2917 talibus

266 2954 437 3033 Spondaeou
451 2966 503 3014 aut
516 2974 605 3032 quem
619 2974 787 3034 comparem
800 2953 952 3033 receperit.

266 3050 327 3109 Sed
341 3050 392 3128 qui
405 3049 558 3128 pedestres
573 3049 688 3110 fabulas
704 3049 798 3108 Socco
811 3057 958 3127 premunt,

266 3146 306 3204 Ut
320 3165 387 3224 quoe
401 3145 562 3223 loquuntur
576 3152 675 3202 sumta
685 3142 722 3200 de
737 3142 798 3200 vita
810 3152 908 3220 putes,

267 3240 382 3299 Vitiant
396 3239 514 3298 iambou
528 3237 671 3297 tractibus
686 3234 868 3314 spondaicis‚

268 3337 307 3394 Et
322 3336 350 3393 in
367 3334 499 3395 secundo
513 3343 543 3394 at
556 3332 662 3392 ceteris
676 3351 762 3410 aeque
776 3331 870 3393 locis:

269 3430 431 3509 Fidemque
446 3429 523 3489 fictis
535 3427 606 3488 dum
619 3437 779 3505 procurant
792 3426 911 3501 fabulis,

272 3528 305 3586 ln
321 3538 415 3587 metra
427 3535 565 3606 peccant,
580 3534 652 3597 arte,
666 3543 726 3585 nou
739 3523 876 3587 inscitia:

271 3622 318 3681 Ne
334 3621 393 3680 sint
406 3638 514 3680 sonora
527 3620 617 3679 verba
630 3617 866 3691 consuetudinis,

271 3717 457 3796 Paulumque
471 3734 573 3775 rursus
588 3713 722 3776 asolutis
734 3712 881 3775 differant.

272 3813 372 3892 Magis
387 3813 440 3872 illa
455 3810 565 3871 nostri:
589 3829 658 3871 nam
671 3811 733 3870 fere
748 3809 864 3870 Graecis
877 3818 966 3869 tenax

270 3909 351 3968 Cura
364 3917 411 3967 est
424 3906 524 3978 iambi,
539 3905 584 3966 vel
595 3905 718 3967 novellis
733 3905 866 3977 comicis,

272 4005 328 4067 Vel
342 4005 392 4089 qui
406 4012 523 4063 vetusta
536 4001 700 4082 praecluent
714 4000 876 4060 Comoedia.

82 4120 212 4179 >aterum
237 4117 318 4196 quod
342 4116 372 4176 in
395 4116 529 4196 utrisque
549 4115 696 4196 vituperat
709 4113 846 4183 Flaccus,
868 4118 899 4170 et
917 4107 948 4170 iu
969 4105 1097 4168 Comicis
1117 4126 1168 4166 ex·
