2678 4702
218 286 284 352 304
592 303 623 349 e.
646 300 828 351 rsassmr
853 301 943 351 nrm

218 445 285 510 Per
299 449 393 508 tuam
407 440 517 520 fidem,
530 462 656 527 perque
666 444 766 530 hujus
781 444 997 510 solitudinem
1275 450 1306 511 55

217 547 268 611 Te
283 547 443 621 obtestor,
455 563 497 608 ne
509 547 570 609 abs
587 554 620 611 te
632 546 717 610 hauc
732 566 898 630 segreges,
911 567 976 611 neu
991 546 1137 612 deseras
1152 569 1162 613 :

219 650 257 712 Si
272 653 303 711 tc
316 649 351 710 in
367 649 514 729 germani
529 647 638 713 fratris
651 649 755 712 dilexi
762 649 856 726 loco,

219 750 299 814 Sive
311 749 385 813 baec
400 755 433 814 te
450 751 560 813 solum
575 769 708 834 semper
721 750 801 815 fecit
814 749 965 827 maximi,
1012 786 1017 799 ι

219 851 286 916 Seu
300 850 364 915 tibi
378 851 543 932 morigera
556 851 618 916 fuit
632 851 667 914 in
682 853 782 915 rebus
796 852 960 923 omuibus.

217 953 268 1018 Te
282 952 340 1017 isti
356 953 461 1018 virum
474 951 532 1029 do,
546 953 702 1029 amicum,
717 957 869 1027 tutorem,
884 961 1030 1034 patrem.
1273 955 1307 1019 oo

218 1055 317 1120 Bona
330 1060 443 1119 nostra
456 1053 529 1117 haec
546 1054 608 1117 tibi
622 1053 791 1136 permitto,
805 1058 839 1117 et
853 1051 1060 1121 maimundo
1076 1054 1172 1119 fidei.

218 1156 321 1220 Hanc
336 1154 417 1219 mibi
432 1155 466 1218 in
481 1174 613 1218 manum
629 1156 705 1221 dat:
728 1174 818 1219 mors
839 1155 998 1221 continuo
1013 1155 1131 1238 ipsam
1148 1165 1294 1242 occupat.

217 1259 368 1345 Accepi:
393 1263 569 1340 acceptam
585 1258 739 1321 servabo.
784 1255 864 1320 ΜΥ.
886 1257 940 1322 Ita
954 1277 1057 1340 spero
1073 1259 1226 1341 quidem.
1296 1313 1300 1318 .

217 1362 286 1427 ΡΑ.
309 1361 378 1426 Sed
392 1379 452 1422 cur
472 1364 508 1423 tu
524 1359 599 1422 ubis
614 1358 657 1422 ab
673 1357 759 1421 illut
805 1357 886 1422 ΜΥ.
931 1357 1168 1423 Obstetricem
1183 1380 1312 1425 arcesso.

347 1463 415 1528 ΡΑ.
438 1461 602 1546 Propera.

152 1699 155 1707 .
216 1665 280 1710 trum
295 1665 319 1709 et
328 1660 426 1720 genium
436 1663 520 1713 tuum‚·
534 1672 577 1720 per
587 1661 651 1707 tuum
657 1657 743 1721 fldem,
757 1669 845 1720 perque
862 1654 932 1716 trdus
947 1655 1112 1715 solitudinem,
1130 1663 1157 1707 te
1173 1659 1280 1720 obtestor,
1291 1671 1314 1707 ss

216 1727 257 1774 uis
272 1730 297 1773 te
314 1725 374 1772 tunc
390 1737 493 1784 separes,
504 1735 561 1769 neve
571 1723 672 1770 deseror.
705 1720 734 1768 Si
743 1724 769 1768 te
778 1726 806 1769 ut
816 1718 924 1780 srutsens
933 1735 1074 1781 emmonem
1085 1724 1176 1782 dilexi,
1185 1724 1234 1772 sice
1244 1725 1315 1772 lucete

215 1789 289 1836 sotum
297 1801 387 1849 semper
396 1785 571 1845 mesimiseeit‚
580 1785 667 1833 seteis
674 1784 807 1832 bominibus
815 1784 973 1846 posthabitis:
983 1786 1033 1834 sine
1044 1786 1071 1833 in
1083 1787 1195 1836 omnibus
1205 1787 1271 1837 rebus
1279 1787 1315 1834 titi

215 1851 401 1911 moremgessit:
421 1854 444 1899 te
459 1850 501 1897 isti
517 1849 593 1898 uirum
610 1852 649 1907 do,
665 1849 774 1904 umimm,
792 1854 903 1909 tutorem,
919 1854 1029 1912 potremr
1047 1849 1109 1899 bonu
1122 1851 1176 1899 lues
1186 1857 1267 1901 nostru
1280 1851 1315 1900 tili

214 1915 343 1974 committo,
355 1920 377 1962 et
388 1919 436 1962 tuoe
446 1914 577 1962 commendo
587 1912 659 1978 fidei.
694 1913 803 1976 Chrysis,
819 1913 863 1961 buo
881 1915 986 1962 oratione
995 1913 1084 1977 finito,
1103 1915 1170 1963 milri
1190 1916 1315 1980 Glyceriss

181 2034 185 2041 ¹
215 1980 292 2028 trudit
302 1979 329 2026 in
339 1994 440 2028 monum.
474 1975 827 2039 Morsstutimipsnms'noudit.
861 1977 1049 2039 Detemoeeepi.
1083 1979 1315 2040 Acceptumserostn

214 2045 275 2096 Mu.
286 2044 327 2093 Ite
332 2042 444 2105 futurum
454 2043 481 2092 id
491 2057 567 2106 spero.
603 2043 655 2091 ΡΑ.
671 2039 719 2090 Sed
729 2055 772 2089 cur
784 2040 836 2089 aru
846 2040 876 2089 olr
884 2038 945 2091 uui
978 2042 1040 2091 Mu.
1054 2043 1220 2094 Obstetricem
1229 2057 1316 2094 meme.

676 2159 722 2181 m
723 2159 827 2180 ΙΙΙΙΙΙ
829 2160 859 2181 00

216 2245 320 2294 Genium
330 2251 398 2294 tuum
409 2245 485 2294 Both.
518 2244 665 2292 Bentleium
684 2243 802 2308 sequitur
820 2244 891 2293 Perl.
917 2242 1013 2306 ‘Vale
1024 2243 1170 2306 ingenium:
1187 2247 1236 2297 sed
1248 2248 1312 2296 Bent

214 2309 319 2372 legend.
343 2309 421 2358 docet
442 2308 556 2368 genium!
574 2310 605 2357 R.
615 2310 716 2358 D.-ss
734 2309 799 2357 GM.
810 2308 928 2357 solicitud.
964 2307 1005 2356 Id.
1025 2307 1053 2356 iu
1074 2324 1162 2372 marg.
1182 2314 1216 2360 al.
1232 2312 1314 2360 soiitti·

215 2372 287 2422 Peri.
323 2373 381 2433 Ejus
399 2387 446 2437 pro
466 2373 535 2433 buius
555 2371 644 2422 Guelf.
665 2376 755 2421 l.-58
772 2373 888 2422 Plusculi
901 2371 965 2420 Mss.
976 2373 1069 2434 legunt
1078 2376 1226 2425 murionum.
1244 2377 1313 2424 West.

214 2436 271 2486 Siue
283 2437 334 2486 lues
345 2443 369 2485 te
379 2438 438 2500 lege
450 2452 483 2485 ex
495 2437 571 2486 codd,
582 2436 719 2486 nonnullis.
754 2435 824 2485 ‘Te'
844 2437 922 2496 enim,
941 2451 999 2485 cnm
1019 2437 1046 2484 in
1066 2437 1126 2487 ictu
1147 2454 1200 2488 non
1215 2436 1258 2502 sit,
1272 2452 1311 2487 uos

213 2507 364 2565 potestuon
377 2502 447 2550 elidi.
464 2501 537 2549 Bent.
570 2500 626 2549 Siue
638 2507 661 2549 te
672 2502 721 2549 bec
733 2499 779 2549 dst
792 2501 824 2549 Z.
856 2501 992 2549 Maximum
1010 2499 1102 2550 Guelf.
1117 2507 1246 2553 1.a.-ol
1263 2503 1311 2552 Per·

213 2566 291 2614 mitto.
324 2564 437 2615 Quidem
459 2565 663 2613 Mosconnum
684 2567 784 2628 legunt.
817 2564 932 2614 Praestat
944 2571 1029 2612 erstem
1043 2566 1193 2629 irrigatum,
1208 2583 1242 2616 ue
1256 2567 1309 2615 iden

213 2627 377 2677 bisdicatur.
400 2629 476 2678 West.
509 2628 565 2678 ΕΑ.
584 2636 613 2678 et
631 2630 685 2678 ΕΤ.
696 2631 825 2678 committo.
858 2629 899 2679 Id.
920 2630 946 2676 in
967 2628 1038 2677 Add.
1061 2630 1129 2679 Plus
1152 2638 1196 2680 est
1211 2631 1308 2694 perstiti

214 2706 291 2755 qnam
312 2692 441 2740 committo.
475 2691 509 2740 R.
529 2693 563 2740 1).
608 2691 642 2754 Α,
664 2693 714 2743 (iu.
736 2697 761 2744 2.
796 2691 860 2744 Hel.
889 2693 1018 2754 committo,
1045 2701 1076 2742 ut
1100 2702 1130 2743 et
1161 2696 1308 2744 Lindeubro·

212 2756 311 2818 gisnes,
333 2770 366 2805 ex
388 2757 433 2805 inr.
455 2756 559 2820 quidem
580 2757 746 2820 elegantioris
767 2759 845 2806 vocis.
868 2758 941 2807 Botis.
976 2759 1068 2807 Comen.
1090 2758 1141 2807 Br.
1161 2759 1251 2810 uuirt.
1262 2764 1306 2807 1.-

213 2824 245 2869 62
262 2821 298 2872 ,lc
320 2835 366 2884 pro
388 2821 461 2869 Hune
491 2820 635 2870 notu-os
656 2822 770 2884 Equidem
792 2819 881 2870 Guelt'.
900 2827 923 2870 1.
953 2819 961 2848 ⁸
986 2821 1053 2869 Post
1076 2836 1115 2871 vs.
1139 2828 1182 2873 63.
1211 2836 1305 2889 sequun-

214 2891 258 2933 tur
277 2885 334 2934 haec
353 2886 379 2933 in
403 2883 490 2934 Guelf.
512 2889 538 2934 2.
566 2886 624 2934 Nisi
641 2899 704 2933 mors
722 2885 811 2934 adimet
830 2887 890 2934 lieno
909 2885 968 2933 miii
983 2899 1059 2933 nemo.
1103 2885 1149 2937 Cf.
1172 2883 1304 2938 rr.2.1t'

212 2950 346 2999 Peri-ot
363 2951 438 2999 Bodl.
459 2949 614 3011 Properebis.
635 2949 718 2997 Weet.
750 2947 784 2996 m
794 2949 845 2998 ndis
856 2964 945 2999 versus
957 2962 1006 2996 non
1018 2949 1130 3010 patitur.
1166 2953 1202 3001 Et
1213 2959 1252 3000 est
1261 2951 1302 3000 bre

212 3015 279 3064 situs
292 3013 527 3072 Comics‚sisbsit.
561 3013 616 3076 [Sic
629 3012 734 3075 judicat
745 3019 773 3063 et
785 3013 866 3076 Gom]
897 3013 1300 3080 1².H.1auda113ergrum,qurn
1332 3010 1334 3019 '

212 3079 262 3128 Ed.
273 3093 329 3140 sua,
347 3079 408 3128 anui
420 3082 492 3127 1574.
511 3085 564 3126 tres
587 3077 746 3138 posteriores
766 3091 816 3127 uss.
833 3079 859 3126 in
873 3077 936 3126 duos
950 3083 1121 3128 tetrametros
1142 3077 1297 3144 dispescusrit

214 3143 254 3192 Id.
265 3144 291 3191 in
303 3145 367 3193 Add.
399 3143 442 3192 Sic
455 3149 482 3191 et
493 3141 557 3191 fecit
571 3141 649 3190 Both.
661 3141 704 3205 qui
716 3154 818 3190 versum
833 3145 874 3190 64.
890 3141 921 3190 ed
936 3141 1042 3190 verbum
1061 3143 1188 3206 ‘andin’,'
1205 3152 1231 3193 et
1242 3152 1295 3191 versi

212 3211 255 3254 65.
274 3221 377 3256 scenam
390 3208 522 3255 terminat.
538 3206 647 3254 ‘Verba
658 3209 752 3269 ‘atque
765 3205 842 3255 andin
851 3207 868 3254 i’
886 3205 984 3255 debent
995 3220 1099 3254 versum
1121 3208 1294 3258 antecedenten

211 3270 353 3320 claudere!
369 3272 583 3321 Bentudosdi.
618 3269 685 3319 ‘Sed
703 3284 745 3318 our
764 3276 791 3319 tu
810 3270 839 3318 od
858 3267 921 3319 ilio?
952 3269 996 3319 Sic
1008 3270 1093 3319 edidit
1106 3273 1227 3336 Sandby!
1241 3271 1292 3319 Zeu.

711 3373 819 3424 NOTAE

245 3473 277 3518 54
295 3469 330 3518 Et
347 3469 469 3531 ingenium
488 3469 567 3533 tuum]
593 3469 654 3533 Alii,
671 3477 700 3521 ut
717 3477 745 3521 et
786 3470 885 3521 testor!
1318 3467 1336 3502 ⁵

212 3546 341 3607 Donatus,
370 3546 460 3608 legunt
494 3547 599 3607 genium.
645 3548 743 3596 Genius
816 3550 848 3594 56
866 3545 956 3595 Nesis
974 3551 997 3595 te
1013 3545 1211 3617 boncmgmgss]
1225 3549 1289 3611 Segtt

213 3623 288 3672 Deus
300 3629 351 3685 est,
363 3623 389 3670 in
401 3622 475 3686 cnjus
494 3624 577 3672 tutela
593 3624 744 3687 virtuosa
785 3637 846 3686 gare
862 3632 913 3683 est,
931 3636 1186 3687 egregesepersre.
1212 3628 1288 3676 Sento·
1320 3677 1328 3685 Μ

210 3698 342 3762 gignendo
353 3698 447 3760 dictus,
460 3699 527 3762 quod
541 3700 628 3748 statim
643 3715 687 3748 nus
699 3713 743 3762 ge·
785 3700 822 3747 tia
834 3707 886 3747 est:
901 3699 943 3747 Ne
952 3712 1084 3760 segreges,
1095 3700 1124 3748 id
1137 3709 1187 3760 est,
1198 3697 1288 3764 repudiet
1320 3740 1323 3749 .
1336 3731 1339 3747 1

210 3775 280 3823 sitos
292 3774 417 3837 suscipiat
429 3781 456 3823 et
474 3781 586 3824 tueatur.
620 3775 680 3824 Fuit
698 3791 744 3824 au·
784 3773 833 3823 tibi
849 3773 978 3837 jrmctum,
996 3786 1048 3821 neu
1066 3772 1175 3825 deseres
1192 3774 1288 3825 soluntl
1318 3771 1333 3818 Γ

212 3848 318 3899 tem'bic
335 3848 427 3897 orandi
444 3849 544 3911 modus,
565 3863 612 3912 per
630 3850 742 3899 Genium
784 3849 884 3900 orbam.
1284 3850 1287 3858 '
1318 3839 1322 3882 ³

212 3923 512 3989 etdextrem,Antiquis
525 3925 636 3973 usitatus
655 3932 683 3973 et
702 3923 741 3974 sa·
814 3929 847 3974 62
865 3925 936 3974 Hunc
957 3923 1017 3973 mibi
1037 3925 1065 3974 in
1086 3941 1186 3977 monum
1206 3917 1287 3987 dst]1l

211 4000 326 4052 miliario.
359 4001 452 4051 Horat.
478 4001 565 4062 Epist.
590 4005 616 4050 7.
649 4000 693 4048 lib.
723 4013 742 4050 1.
782 4008 831 4062 ert,
849 3999 880 4050 fit
900 4000 961 4050 mihi
979 4012 1054 4062 rrxor,
1066 4008 1095 4049 et
1111 3997 1288 4055 materiamine

212 4072 221 4100 ‘
232 4074 308 4124 Quod
321 4082 347 4125 te
359 4091 406 4139 per
417 4076 540 4138 Genium,
562 4075 741 4138 dextrumque,
781 4093 840 4143 quae
851 4078 878 4128 in
889 4091 966 4126 mauu
977 4083 1004 4125 et
1015 4076 1065 4126 viri
1077 4084 1212 4140 potestate
1223 4082 1262 4126 stt

211 4148 335 4215 Deosque
356 4152 481 4214 Penates,
504 4153 623 4204 Obsecro
645 4158 673 4201 et
690 4150 741 4200 ob·
966 4191 970 4196 .
1326 4147 1336 4176 s
