2678 4702
469 279 519 329 ns
542 279 680 338 uncam
703 277 866 329 courcrs.
1155 265 1220 332 281

113 423 203 487 tinne
217 424 339 503 longam
359 409 476 494 reddat,
498 419 547 481 vel
560 430 594 481 ut
606 419 717 480 vocalis
730 419 838 490 finalis,
863 439 930 496 quoe
944 429 1144 496 precesserat,
1158 438 1219 482 uou

114 517 261 578 elidatur.
302 518 369 576 Hoc
382 515 491 576 Plauto
504 524 698 594 perpetuum:
720 514 773 574 sed
792 513 944 573 Terentius
955 515 1137 593 parcissime.

124 652 128 665 .
159 613 241 672 Haec
255 623 353 672 autem
364 630 401 671 ea
414 611 474 670 sere
489 620 560 671 sunt
570 630 638 688 quae
653 609 691 669 de
705 609 829 669 licentiis
843 608 970 668 dicenda
983 609 1082 682 habui,
1091 630 1216 688 quarum

116 707 274 786 quasdam·
297 707 329 765 in
361 705 510 786 posonio
547 704 628 782 leges
643 715 674 765 et
701 704 909 782 pronuntiandi
936 704 1065 764 rationes
1097 706 1218 765 nimium

116 821 247 881 peccare
259 821 320 861 non
332 799 516 861 diffitendum
530 808 586 861 est.
628 798 688 859 Sed
709 799 775 857 ista
789 799 938 876 pleraeque
952 818 1053 858 omnes
1068 798 1216 861 Plautina

118 906 213 964 sunt:
227 896 382 962 Terentius
397 905 428 955 et
435 892 553 954 modum
564 892 706 967 adhibuit,
716 894 797 972 quod
808 892 848 953 ad
860 894 1042 954 licentiarum
1054 914 1217 969 numerum,

115 999 150 1060 ,el
163 991 239 1056 miro
253 989 371 1051 delectu
384 1009 457 1049 usus
472 995 528 1061 est,
543 987 624 1065 quod
644 988 684 1047 ad
704 1007 804 1048 earum
828 1009 947 1068 genera,
964 999 995 1049 et
1009 1009 1099 1050 anon
1113 991 1216 1069 paucis

117 1085 242 1162 penitus
256 1083 408 1154 abstinuit.

125 1240 130 1254 ,
161 1179 192 1238 ls
205 1177 325 1257 quidem
348 1189 409 1239 tam
432 1187 515 1238 caste
537 1178 608 1256 egit,
619 1186 680 1236 tam
695 1196 801 1256 parcus
816 1179 872 1238 fuit
894 1179 924 1237 in
945 1180 1071 1240 licentiis
1085 1181 1215 1254 utendis,

118 1272 156 1330 iis
165 1272 332 1352 praesertim
344 1290 413 1349 quse
433 1290 518 1332 veras
532 1273 685 1331 verborum
698 1273 877 1349 quantitates
892 1285 1002 1352 augent
1017 1284 1105 1353 atque
1119 1275 1216 1335 inten-

118 1366 208 1440 dunt,
221 1377 256 1427 ut
270 1387 349 1446 saepe
370 1367 401 1424 in
423 1366 568 1438 iambicis,
590 1375 657 1426 c'um
680 1366 829 1428 licentiam
851 1369 1012 1429 adhibitam
1026 1380 1124 1450 putes,
1145 1370 1215 1430 dum

116 1461 149 1521 iu
163 1461 293 1538 legendo
314 1462 453 1540 legitimae
477 1462 708 1540 pronuntiationi
731 1473 762 1522 et
786 1465 908 1522 sectioni
926 1468 956 1522 in
971 1465 1147 1524 ditrochaeos
1162 1466 1215 1524 ob·

117 1565 287 1636 temperas;
300 1557 336 1615 'si
350 1566 447 1616 tamen
467 1576 583 1617 versum
597 1558 635 1617 ad
649 1577 734 1617 veros
747 1558 840 1635 pedes
855 1559 968 1636 exigas,
982 1559 1094 1618 nullam
1107 1559 1134 1618 ei
1149 1579 1215 1619 sus·

117 1649 265 1712 tentando
279 1651 427 1711 licentiam
441 1654 636 1712 necessariam
659 1672 726 1713 esse
747 1652 961 1732 deprehendas.
1003 1653 1079 1713 Vide
1093 1653 1172 1712 And.
1188 1673 1214 1713 1.

118 1753 150 1808 5.
166 1747 237 1807 54!
264 1747 344 1807 And.
358 1765 383 1806 1.
396 1750 426 1808 5.
445 1747 520 1817 14⁸„
536 1748 615 1807 And.
628 1767 675 1808 ιι.
688 1751 715 1808 l.
726 1751 775 1807 58.
801 1748 878 1808 Eun.
891 1768 946 1809 111.
958 1751 988 1809 5.
1002 1750 1049 1808 12.
1076 1749 1152 1808 Eun.
1165 1768 1212 1808 ιν.

119 1845 149 1904 3.
164 1845 216 1902 23.
229 1851 261 1901 et
273 1846 303 1903 4.
317 1842 364 1900 6!
393 1843 470 1901 Eun.
486 1861 518 1901 v.
535 1844 562 1900 l.
579 1841 643 1901 17!
672 1843 783 1902 Heaut.
799 1863 855 1904 ιιι.
880 1841 969 1902 1.6.*
998 1843 1108 1902 Heaut.
1129 1862 1161 1902 v.
1187 1845 1216 1905 1.

117 1939 186 1996 50!
216 1937 292 1996 Hec.
308 1955 356 1996 ιν.
373 1938 399 1995 l.
413 1939 464 1995 46.
492 1937 568 1997 Hec.
583 1956 630 1996 ιν.
645 1939 675 1996 2.
690 1938 757 1994 291ι
782 1936 903 1995 Phorm.
919 1957 942 1994 ι.
957 1941 986 1998 2.
998 1939 1065 1996 96!
1093 1937 1214 2000 Pborm·

119 2050 175 2092 ιιι.
194 2034 221 2089 1.
239 2034 285 2090 10.
314 2030 433 2089 Phorm.
449 2050 506 2089 ιιι.
521 2033 550 2088 2.
565 2033 616 2089 44.
658 2031 733 2097 Quae
755 2049 822 2088 cum
836 2031 978 2105 recogito,
992 2032 1159 2089 Terentium
1174 2030 1214 2089 ad

115 2146 202 2188 veras
213 2145 318 2185 vocum
331 2127 509 2204 quantitates
523 2124 617 2201 magis
633 2141 721 2201 quam
732 2122 771 2182 ad
782 2122 992 2200 pronuntiandi
1005 2123 1134 2182 rationes
1148 2123 1211 2182 ani·

117 2243 199 2282 mum
212 2221 243 2279 in
257 2221 388 2299 pluribus
403 2219 564 2279 advertisse
575 2218 715 2284 arbitror;
729 2216 854 2296 ideoque
868 2228 950 2276 muto
958 2217 1021 2296 jam
1035 2217 1211 2278 sententiam
1225 2263 1227 2267 <

117 2318 148 2375 in
170 2317 207 2375 iis
231 2335 268 2376 ex
289 2316 363 2375 locis
387 2315 527 2386 laudatis,
550 2315 656 2392 quibus
678 2313 795 2392 signum
820 2311 877 2371 hoc
891 2312 907 2341 '¹
921 2311 1055 2392 apposui,
1070 2323 1213 2374 eteorum

118 2411 267 2471 sectiones
280 2410 320 2469 ad
335 2429 418 2469 veras
431 2410 585 2469 verborum
607 2408 788 2486 quantitates
811 2406 915 2482 refingi
933 2407 1031 2478 velim,
1053 2417 1157 2467 contra
1177 2427 1213 2469 ac

117 2507 270 2585 putabam,
284 2524 351 2564 cum
364 2517 451 2566 notas
465 2503 504 2564 ad
518 2523 555 2564 ea
568 2504 735 2576 scriberem,
749 2501 895 2563 Plautinis
908 2501 1034 2562 licentiis
1049 2522 1135 2580 aequo
1149 2511 1213 2562 turn

117 2588 197 2660 forte*
208 2600 365 2660 addicticr.

156 2695 219 2754 Sed
233 2706 265 2754 et
278 2694 341 2774 ipse
355 2715 473 2774 quoque
486 2695 641 2755 Terentius
655 2695 685 2753 in
701 2713 801 2752 earum
814 2712 872 2751 usu
887 2693 992 2752 nimius
1006 2691 1153 2752 videbitur
1165 2691 1212 2764 iis,

117 2790 168 2868 qui
183 2790 269 2849 novis
283 2789 379 2849 solum
392 2791 539 2868 Augustei
561 2789 662 2850 saeculi
683 2788 777 2868 poetis
791 2787 924 2866 legendis
941 2790 1133 2860 assueverint,
1148 2787 1215 2846 nul·

117 2885 177 2945 lum
191 2885 305 2945 veroin
319 2884 473 2945 Veteribus
494 2885 576 2945 hisce
600 2884 734 2963 legendis
756 2894 872 2962 tempus
895 2882 1065 2962 posuerint.⁴
1098 2883 1145 2941 Ab
1164 2880 1211 2939 his

117 2992 276 3060 quaeretur,
290 3000 343 3040 cur
357 2999 416 3041 non
430 2980 584 3041 Terentius
605 2981 730 3041 eandem
750 2979 779 3037 iu
801 2979 927 3038 numeria
942 2977 1097 3056 puritatem
1113 2994 1212 3035 serra·

119 3077 201 3148 verit,
215 3095 252 3135 ac
267 3075 365 3135 Groeci
378 3077 408 3139 in
423 3075 484 3135 suis
499 3077 668 3147 Comoediis,
692 3085 744 3135 aut
756 3074 852 3133 Latini
869 3073 957 3132 etiam
974 3071 1032 3149 ipsi
1045 3073 1076 3128 in
1091 3071 1212 3147 Tragoe—
1233 3061 1237 3066 ’

117 3169 172 3230 diis
186 3170 412 3248 componendis.
453 3170 542 3238 Quod
562 3169 599 3230 ad
623 3171 757 3245 Graecos,
781 3168 807 3225 si
823 3164 975 3229 Terentius
990 3181 1041 3222 eos
1056 3182 1115 3222 uon
1129 3181 1211 3222 asse-

116 3276 203 3327 cutus
218 3276 266 3324 est
278 3265 336 3324 hac
350 3265 379 3324 in
404 3274 498 3342 parte,
519 3265 549 3322 in
572 3262 641 3326 aliis>
660 3263 737 3323 enim
755 3281 818 3320 non
832 3279 897 3320 raro
912 3258 1071 3343 superavit,
1090 3257 1123 3316 id
1149 3277 1210 3317 non

115 3364 213 3439 poeta
228 3359 283 3419 sed
295 3360 406 3438 linguae
420 3359 511 3438 culpa
524 3359 584 3417 fieri
604 3368 696 3437 puto,
709 3377 776 3436 quae
790 3367 851 3416 tam
865 3355 949 3427 dura,
963 3365 1024 3413 tarn
1038 3372 1154 3432 aspera,
1168 3362 1213 3413 tot

116 3453 257 3538 consonis
272 3453 405 3530 obsessa,
427 3463 472 3513 tot
491 3452 664 3512 elisionibus
689 3453 825 3523 obnoxia,
850 3461 893 3522 ut,
915 3448 998 3528 quod
1013 3450 1215 3518 Quintilianus

115 3549 200 3624 dixit,
215 3549 338 3608 ‘Sermo
351 3549 413 3629 ipse
428 3549 581 3608 Romanus
602 3568 662 3621 non
682 3549 810 3626 recipere
825 3547 958 3605 videatur
979 3533 1060 3605 illam
1075 3545 1146 3606 solis
1158 3545 1212 3604 At-

114 3644 179 3722 ticis
194 3661 370 3704 concessam
383 3643 538 3714 Venerem,
551 3643 672 3722 quando
686 3662 754 3714 eam
776 3661 814 3703 ne
836 3641 935 3700 Graeci
959 3640 1078 3718 quidem
1099 3640 1129 3698 in
1151 3637 1210 3696 alio

115 3757 224 3817 genere
234 3737 345 3814 linguae
366 3737 545 3796 obtinuerint
555 3741 573 3796 :’
593 3736 673 3816 quod
687 3734 922 3798 de‘numerorum
937 3745 967 3794 et
982 3754 1116 3796 versuum
1129 3730 1210 3808 apud

115 3833 240 3893 Graecos
253 3830 379 3908 puritate
393 3843 423 3890 et
437 3831 581 3890 suavitate
602 3850 662 3889 non
686 3831 783 3892 miuus
807 3849 907 3892 verum
930 3839 986 3901 est,
1001 3826 1139 3909 quamde
1154 3823 1212 3884 alia

113 3927 221 4008 quavis
236 3925 398 3986 Comoediae
413 3925 528 3988 Groecae
541 3926 723 4002 prestantia,
737 3926 817 3985 unde
832 3924 985 4018 tantapillis
1000 3940 1088 3999 quam
1101 3919 1210 3978 miran-

113 4036 161 4084 tur
174 4040 281 4084 omnes
302 4030 452 4096 venustas.
493 4021 583 4090 Quod
602 4039 669 4083 vero
691 4020 862 4100 Tragoedias
884 4017 1003 4078 Latinas
1031 4022 1212 4093 spectator<
