2678 4702
551 347 803 396 nneuunurn.
1156 336 1223 402 897

110 486 244 548 tenendi
268 488 440 566 spectatoris
461 505 555 546 causa
569 487 632 547 vult
645 489 738 548 Poeta
751 498 852 549 noster
866 508 969 549 omnes
983 493 1112 570 quinque
1127 493 1221 554 Actus
1244 538 1247 543 -

112 581 207 643 velut
221 602 313 641 unum
327 582 399 655 fieri,
420 600 458 640 ue
476 583 599 661 respiret
621 583 860 662 quodammode:
883 595 982 663 atquc,
1007 585 1146 647 distincta
1168 591 1223 649 ali-

112 678 191 737 cubi
206 678 428 737 continuatione
443 677 665 738 succedentium
684 699 790 752 rerum,
812 691 880 740 ante
897 681 993 741 aulaea
1008 684 1126 743 sublata
1138 683 1222 744 fasti·

110 773 224 834 diosus
240 783 389 852 spectator
403 784 554 851 exsurgat.
596 774 674 834 Acta
697 774 785 853 plane
811 788 856 852 est
882 776 972 836 Ludis
987 777 1220 856 Megalensibus,

111 871 151 930 L.
169 869 337 940 Postumio,
360 870 393 929 L.
409 869 549 930 Cornelio
565 869 711 929 AEdilibus
726 870 906 931 Curulihus:
928 873 1016 932 etiam
1032 884 1102 935 tunc
1122 895 1222 954 perso·

112 965 201 1026 natis
224 967 259 1028 L.
273 965 412 1024 Numidio
435 965 600 1035 Postumio,
625 966 657 1024 L.
682 966 817 1026 Ambivio
838 968 1007 1046 Turpione:
1029 969 1098 1028 item
1117 972 1222 1031 modu·

111 1063 203 1123 lanta
218 1060 327 1121 Flacco
340 1060 466 1120 Claudio
478 1061 556 1120 tibiis
572 1061 677 1120 dextra
696 1072 727 1121 et
749 1062 868 1123 sinistra
893 1066 931 1123 ob
951 1063 1107 1143 jocularia,
1127 1067 1222 1127 multa

112 1144 268 1241 pe'rmixta
280 1156 433 1238 gravitate.
474 1157 514 1215 Et
528 1167 595 1217 acta
609 1167 656 1217 est
676 1168 758 1217 tanto
780 1177 922 1233 successu
946 1153 981 1219 ac
1001 1159 1107 1238 plausu
1133 1164 1221 1243 atque

112 1251 275 1330 suffragio,
296 1262 331 1311 ut
354 1270 455 1312 rursus
477 1262 558 1312 esset
581 1251 712 1325 vendita,
734 1262 765 1313 ct
787 1263 924 1332 ageretur
937 1254 1043 1315 iterum
1058 1275 1111 1334 pro
1125 1276 1221 1319 nova:

112 1366 235 1426 proque
249 1367 285 1408 ea
299 1349 439 1428 pretium,
461 1349 542 1427 quod
557 1348 630 1408 nulli
642 1359 713 1409 ante
728 1349 821 1429 ipsam
838 1349 981 1410 Fabulam
995 1351 1131 1430 contigit,
1152 1364 1221 1413 octe

111 1444 250 1504 millibus
265 1445 432 1504 sestertium
455 1455 643 1504 numerarent
664 1445 776 1504 Poiitoe.
819 1446 996 1505 Proverbia¹
1023 1446 1118 1506 multa
1139 1468 1220 1526 saepe

111 1541 321 1628 pronuntiata,
342 1550 372 1600 et
393 1540 511 1600 cantica
534 1560 614 1620 saepe
628 1541 748 1599 mutatis
763 1540 858 1600 modis
871 1541 1001 1602 exhibita
1023 1552 1105 1604 sunt.
1144 1544 1221 1619 ilpe-

113 1637 233 1711 rarurdr
245 1637 394 1713 πρόσωπον
407 1655 554 1714 nusquam
568 1636 675 1695 habet:
698 1634 751 1694 sed
767 1635 828 1694 suis
843 1644 958 1696 tantum
971 1634 1106 1717 personis
1119 1640 1219 1700 utitur.

114 1732 152 1793 ln
168 1731 228 1790 hac
241 1732 394 1791 Terentius
410 1729 539 1790 delectat
552 1731 666 1790 facetiis
679 1750 687 1789 ε
708 1730 832 1811 prodest
850 1733 993 1813 exemplis
1006 1753 1014 1792 :
1036 1743 1067 1794 et
1080 1735 1152 1795 vitia
1164 1734 1220 1797 ho·

113 1827 231 1886 minum
245 1824 335 1903 paulo
350 1825 527 1896 mordacius,
548 1843 637 1902 quam
652 1824 682 1882 in
696 1825 801 1885 ceteris
816 1827 922 1904 carpit.
963 1829 1107 1907 Exempla
1120 1839 1218 1891 autem

114 1934 233 1980 morum
247 1921 296 1979 bic
309 1921 366 1993 trie
379 1921 530 2000 precipue
542 1930 756 1999 proponuntur,
771 1922 876 1980 urbani
887 1923 1011 1994 scilicet,
1025 1927 1157 2002 parasiti,
1169 1925 1220 1986 et²

112 2017 261 2076 militaris.
281 2016 359 2076 llaec
373 2016 453 2076 edita
466 2017 583 2077 tertium
598 2027 653 2089 est,
669 2024 699 2076 et
711 2018 1090 2096 pronuntiata,Tsnnur11
1104 2021 1218 2079 Eunu·

116 2128 227 2171 caus:
250 2111 359 2192 quippe
376 2111 439 2191 jam
462 2112 564 2172 adulta
585 2111 840 2173 commendatione
861 2112 973 2184 Poiitae,
998 2133 1033 2174 ac
1048 2114 1158 2173 meritis
1173 2114 1218 2173 in·

115 2207 197 2286 genii
223 2208 385 2268 notioribus
399 2210 518 2288 populo.
563 2209 656 2269 Facta
671 2217 768 2268 autem
783 2225 819 2268 ex
833 2207 948 2268 duabus
963 2208 1076 2269 Groecis
1091 2229 1151 2270 una
1173 2221 1219 2271 est

115 2302 236 2364 Latina.
277 2303 355 2363 Nam
369 2324 406 2364 ex
420 2305 585 2371 Eunucho
600 2315 632 2365 et
651 2305 795 2377 Gonnos,
819 2305 977 2364 Menandri
1000 2304 1132 2379 Fabulis,
1152 2306 1218 2366 hoec

116 2399 307 2458 Eunuchus
322 2401 500 2460 Terentiana
512 2401 625 2480 scripta
639 2410 696 2473 est,
717 2419 777 2460 nou
801 2401 865 2458 sine
878 2400 1010 2471 crimine,
1031 2402 1112 2479 quod
1124 2402 1219 2462 multa

112 2495 144 2552 in
160 2495 240 2552 hanc
254 2495 398 2555 translata
412 2497 520 2556 sieten
534 2498 634 2555 multis
653 2496 753 2556 Poitis
777 2496 907 2555 Latinis:
929 2496 1011 2574 quod
1035 2504 1142 2569 totum,
1165 2517 1217 2576 per

111 2588 278 2669 Prologum
291 2601 400 2672 purgat
414 2603 502 2670 etque
517 2591 660 2652 defendit.

280 2758 294 2803 l
314 2747 431 2818 Legendi
443 2755 557 2806 arbitror
567 2755 691 2805 Diarroia.
703 2755 779 2806 Liud.
834 2757 850 2806 2
870 2757 902 2806 Et
914 2759 1012 2808 omittit
1024 2759 1056 2808 Ζ.

233 3197 322 3245 AEhn
350 3197 492 3245 DONATI
518 3193 788 3244 ARGUMENTUM
813 3193 852 3239 ΙΝ
881 3192 1108 3241 ΕΠΝΠΟΗΠΜ.

111 3346 218 3395 Ram
231 3344 348 3406 qrraedam
359 3359 392 3393 ex
404 3342 496 3393 Attica
513 3343 583 3406 virgo
595 3342 699 3403 nobilis,
716 3347 794 3404 atque
810 3339 938 3389 abducte¹
958 3345 999 3390 est
1016 3334 1152 3400 Rhodum3
1170 3336 1216 3389 ihi-

146 3439 199 3489 que
212 3425 289 3472 matri
300 3424 404 3472 Thaidis
415 3424 561 3473 meretricis
573 3424 605 3472 ab
617 3424 700 3472 amico
712 3422 780 3471 dono
794 3421 855 3469 data
866 3427 916 3483 est,
931 3428 959 3472 et
975 3421 1088 3472 educata
1099 3421 1171 3471 velut
1181 3435 1220 3467 ao·

146 3518 202 3563 ror,
213 3517 264 3551 una
275 3517 334 3551 curn
344 3502 398 3550 filie
409 3503 520 3551 Thaide.
551 3503 603 3550 Sed
615 3502 702 3561 Thais,
711 3503 804 3551 relicta
815 3509 912 3564 matre,
924 3501 1015 3551 Rhodo
1026 3516 1084 3550 cum
1104 3507 1217 3548 amatore

144 3584 257 3647 quodem
270 3581 386 3630 Athenas
398 3595 426 3630 se
437 3579 564 3629 contulit:
583 3581 616 3627 ah
628 3593 709 3642 eoque
721 3579 802 3626 haeres
815 3581 936 3625 lustltuta
946 3583 1058 3638 mortuo,
1075 3590 1134 3623 mox
1146 3589 1160 3622 a
1173 3577 1218 3621 mi-

144 3665 194 3712 lite
213 3663 344 3712 Thrasone
366 3661 524 3723 diligebatur
543 3660 628 3709 nimis.
670 3659 722 3709 Qui
742 3673 801 3706 cum
821 3656 931 3706 Aduenis
953 3653 1089 3718 profectus
1109 3661 1218 3702 matrem

144 3743 252 3793 Thaidis
261 3749 389 3790 mortuam
404 3740 485 3790 Rhodi
498 3739 677 3803 comperisset,
696 3745 722 3786 et
740 3752 797 3787 eam
816 3736 1035 3799 uirginem,quanr
1047 3732 1167 3795 diximus,
1184 3734 1217 3781 ab
1274 3748 1275 3753 ¹

141 3822 298 3873 haeredibus
305 3827 414 3870 morture
427 3819 651 3869 animadvertisset
662 3831 755 3867 venum
764 3831 822 3866 esse
835 3815 1008 3879 propositam,
1020 3812 1135 3878 quanvis
1145 3813 1216 3874 igna-

143 3918 190 3952 rus
202 3914 289 3951 rerum
309 3902 431 3959 omnium,
450 3901 513 3950 emit
531 3907 630 3959 tamur,
647 3905 675 3948 et
693 3897 762 3946 douo
781 3904 872 3946 man
891 3895 982 3945 Thaidi
997 3895 1069 3943 vertit
1088 3891 1216 3942 Athenas.

144 3986 256 4038 Veron,
273 3989 412 4045 postquam
430 3981 573 4030 adveniens
592 3981 699 4031 rivalem
718 3979 867 4029 Phaedriam
890 3976 960 4040 apud
982 3973 1091 4026 unicam
1109 3977 1216 4058 reperit,

548 4148 559 4191 1
579 4141 689 4191 Annene
699 4142 783 4191 West.
