2678 4702
131 295 196 364 238
462 308 656 362 arctinus
681 308 891 360 nnnrnmus

133 456 218 514 Hanc
231 473 353 515 cesurae
367 450 468 514 sedem
480 451 650 531 plerumque
664 451 694 510 in
710 451 845 513 trimetris
861 459 984 511 servent
995 453 1096 531 poetae
1107 452 1206 513 conici:

130 559 163 608 ut
178 550 304 609 Noster:

289 670 335 733 Ne
349 670 397 732 coi
411 671 451 732 sit
464 681 594 732 vestrum
610 670 617 752 Ι
634 669 749 744 mirum,
759 675 830 731 'eum
846 670 944 750 partes
955 675 1024 733 seni

288 767 383 828 Poeta
395 767 511 828 dederit
527 767 533 847 Ι
549 767 626 847 quae
640 777 710 827 sunt
723 764 973 828 adolescentium:

288 862 324 922 Id
336 862 462 945 primum
475 863 571 923 dicam
589 861 594 944 Ι
612 861 719 922 deinde
733 862 814 940 quod
828 862 894 923 veni
908 860 1054 943 eloquar:

127 999 158 1051 et
171 988 270 1050 itidem
285 987 401 1050 Graeci:
499 1050 509 1061 ,

287 1098 326 1160 Or
340 1103 395 1177 γάρ
407 1101 562 1177 βλεποντες
579 1100 586 1176 Ι
602 1104 658 1161 roir
671 1104 781 1180 τνφλοιε
794 1104 949 1178 ηγούμεθα,

288 1196 377 1258 Ourdr
391 1197 418 1256 δ’
432 1200 577 1257 ακολουθει
593 1196 600 1277 Ι
618 1198 687 1274 κάμε
700 1195 916 1274 :mellidium

126 1328 161 1386 ln
185 1325 316 1387 iambicis
339 1324 554 1403 trochaicisque
575 1324 750 1384 tetrametris
774 1342 889 1384 casura
911 1323 1090 1402 plerumque
1108 1326 1205 1404 fitpost

125 1421 316 1484 ditroehaeum
331 1419 513 1481 secundum:

206 1546 351 1609 Demissis
364 1545 492 1607 humeris
505 1545 570 1606 esse
583 1546 681 1604 vincto
697 1543 704 1626 Ι
721 1544 840 1624 pectore
853 1554 887 1605 ut
899 1543 1031 1625 gracilae
1042 1548 1130 1607 sieut.
1191 1600 1195 1608 .

203 1642 299 1704 Video
310 1655 426 1702 sentum
441 1640 608 1720 squalidum
623 1658 736 1719 regrum
753 1639 759 1721 Ι
776 1638 883 1719 pannis
898 1642 1045 1720 annisque
1061 1639 1190 1701 obsitum.

162 1769 352 1829 illudentem
369 1767 501 1848 inprimis
522 1766 683 1826 notandum
696 1786 704 1833 ;
726 1786 792 1826 cum
807 1766 905 1826 Groeci
920 1767 1057 1845 magistri
1076 1787 1130 1846 per
1140 1767 1205 1827 irre·

124 1862 191 1924 itur
204 1862 348 1923 trimetros
362 1864 475 1922 iambos
490 1860 632 1921 scandere
653 1861 802 1939 juberent,
824 1881 939 1939 semper
962 1880 1015 1921 eos
1037 1863 1207 1922 intellexisse
1230 1926 1234 1939 Ι

124 1958 256 2020 διποδίαν
271 1960 421 2040 lapillatim
443 1958 518 2019 adeo
531 1968 565 2017 ut
578 1957 621 2017 sie
635 1956 813 2017 divideretur
835 1976 871 2015 ex
893 1975 996 2016 eorum
1009 1957 1135 2019 ratione
1153 1976 1206 2018 rer·

22 2101 27 2114 .
123 2055 253 2117 siculus:

284 2149 330 2208 Ne
343 2148 391 2208 cui
407 2148 491 2208 sitve
508 2148 513 2228 Ι
532 2159 623 2208 strum
638 2145 752 2218 mirum,
765 2145 929 2226 conpertis
943 2147 1009 2206 seni

283 2242 376 2302 Poeta
389 2243 466 2303 dede
484 2242 489 2324 Ι
506 2245 544 2302 rit
557 2241 633 2321 quae
648 2253 718 2302 sunt
730 2241 961 2302 adolescentium
974 2261 983 2301 ε

283 2337 318 2397 ld
332 2337 455 2418 primurn
467 2337 497 2395 di
515 2338 521 2418 Ι
538 2357 614 2409 eam,
629 2336 736 2396 deinde
750 2336 831 2414 qnod
841 2335 907 2394 veni
921 2335 1056 2414 eloquar.

283 2435 323 2493 Oe
338 2435 392 2511 γάρ
405 2433 516 2508 litem
533 2437 539 2512 Ι
556 2456 600 2492 rer
612 2437 668 2490 reis
681 2435 791 2510 τυφλοιε
805 2431 961 2508 ηγοΰμεθα,

281 2529 372 2590 Ovrde
383 2528 408 2588 δ’
422 2533 524 2588 ακολου
541 2530 546 2608 Ι
563 2533 606 2588 dee
620 2529 692 2606 κάμε
706 2525 930 2603 προσβιάὲεταιῑ

124 2658 172 2716 ubi
194 2656 277 2717 vides
299 2657 421 2735 primam
444 2656 593 2737 dipodiam
607 2657 636 2714 in
651 2656 755 2716 mediis
769 2656 921 2716 verborum
937 2653 1059 2735 syllabis
1074 2653 1201 2722 desinere,
1231 2654 1234 2659 ’

121 2760 272 2829 totamque
288 2770 409 2809 caesurae
423 2751 556 2810 virtutem
572 2769 607 2809 ac
628 2750 751 2828 gratiam
774 2751 876 2809 misere
896 2748 1001 2826 perire.
1046 2751 1143 2818 Quare
1155 2767 1200 2826 ego

115 2847 179 2926 jam
194 2848 231 2906 ab
245 2847 310 2925 ipsa
323 2846 523 2906 adolescentia
536 2845 566 2903 in
581 2846 716 2905 omnibus
737 2845 868 2905 iambicis
890 2853 998 2921 praeter
1013 2853 1198 2905 tetrametrum

120 2941 336 3012 catalecticum,
348 2940 455 3020 dequo
468 2949 572 3020 postea
585 2939 692 3011 dicam,
706 2941 792 2999 aliam
805 2940 874 2998 mihi
889 2938 1057 2999 scansionis
1070 2941 1197 3001 rationem

118 3037 244 3112 institui,
264 3056 316 3116 per
329 3035 458 3097 inunitae
471 3036 582 3096 scilicet
595 3041 753 3117 τροχαῖκὴν,
766 3037 824 3095 hoc
838 3035 926 3094 modo
939 3055 947 3094 ε

280 3164 324 3224 Ρο
342 3163 347 3245 Ι
365 3162 541 3225 tradederit
558 3163 563 3245 Ι
580 3162 657 3242 quae
672 3173 743 3222 sunt
757 3161 988 3223 adolescentium
1002 3184 1013 3222 τ

119 3288 213 3367 primo
234 3288 383 3366 semipede
405 3290 491 3368 quasi
514 3290 660 3349 subducto
675 3300 706 3350 et
719 3291 829 3361 abciso,
850 3310 936 3350 versu
952 3301 1050 3351 autem
1065 3294 1097 3352 in
1111 3294 1196 3371 dacty-

118 3383 179 3442 lum
201 3383 248 3441 vel
271 3382 411 3441 creticum
435 3393 571 3441 exeunte.
614 3384 645 3441 Si
668 3385 788 3462 quidem
811 3386 869 3443 ista
891 3385 1006 3446 διποδία
1025 3408 1062 3448 ex
1075 3388 1195 3448 trocheis

120 3475 247 3547 dnobus,
267 3475 313 3536 vel
335 3494 393 3534 uno
408 3486 438 3535 et
452 3476 593 3555 spondaeo
608 3479 668 3537 sive
683 3479 798 3557 epitrito
814 3480 945 3538 secundo
956 3493 1110 3554 constans,
1130 3503 1195 3542 com·

118 3571 250 3643 modare,
272 3571 467 3644 commodavi,
487 3583 517 3633 et
540 3593 608 3634 curn
629 3594 750 3635 eoesuree
771 3573 872 3634 indole
885 3577 1044 3646 convenit3
1066 3591 1098 3647 et
1111 3595 1194 3638 veron

118 3666 224 3727 iambei
237 3666 403 3746 rhythmum
418 3670 534 3729 auribus
549 3671 698 3738 insinuatr
721 3680 751 3729 et
763 3673 871 3750 poetae,
893 3656 963 3728 dum
979 3691 1083 3733 versus
1098 3674 1152 3732 hos
1163 3671 1195 3730 fn·

117 3764 255 3833 bricatur,
275 3761 420 3841 praecipue
436 3775 563 3836 mentem
585 3775 730 3845 occupatg
752 3775 792 3837 et,
813 3764 895 3843 quod
919 3766 1077 3825 maximum
1102 3779 1156 3840 est,
1172 3766 1195 3823 in

117 3859 197 3916 omni
218 3859 279 3917 sere
300 3856 480 3918 comicorum
501 3868 657 3920 metrorum
678 3879 784 3939 genere
798 3859 993 3938 principatum
1006 3860 1122 3923 obtinet
1129 3884 1137 3930 ;
1156 3879 1194 3921 ve-

52 3944 55 3949 ’
118 3970 238 4032 remque
252 3971 383 4022 eausam,
403 3971 455 4011 eur
472 3952 502 4012 io
526 3972 585 4014 una
606 3954 758 4017 Comoedia
778 3964 822 4015 tot
843 3973 980 4014 versuum
994 3957 1110 4034 species
1124 3956 1195 4020 adli·

116 4047 250 4122 beentur,
271 4050 334 4111 sola
347 4049 536 4110 demonstrat.
