2678 4702
466 285 513 336 DE
538 285 680 335 marrus
703 285 865 339 conten.

415 425 572 507 Apocopes
586 428 722 506 exempla
733 427 799 490 heac
812 428 888 489 habe
901 449 909 488 :

227 585 229 589 ,
279 535 341 594 itan
481 548 534 597 tun
672 542 713 611 in,
728 560 791 619 pro,
806 541 870 601 isne
958 541 1050 601 εἴητ’*

282 631 358 690 satin
480 634 613 711 parumn'
673 635 769 694 haben
936 635 940 643 ’
961 638 1071 714 potess'

280 745 357 804 egon
479 747 574 787 sanun
674 730 762 788 viden
961 730 1092 791 animul’.

157 868 297 948 Denique
319 870 348 928 in
371 870 471 930 multis
493 891 553 932 nou
576 874 665 933 modo
686 893 700 934 s
723 873 810 935 finale
823 894 877 953 pro
890 874 973 934 libitu
988 873 1138 952 abjiciunt,
1159 873 1213 936 sed

111 965 251 1023 vocalem
266 965 354 1024 etiam
367 986 435 1043 quae
454 967 585 1044 proxime
598 968 750 1048 praecedit.
793 969 937 1048 Exempla
959 980 1029 1029 sunt
1051 969 1214 1041 innumera,

113 1061 146 1118 in
163 1060 272 1137 quibus
288 1080 302 1118 s
317 1061 449 1139 abjicitur
468 1082 535 1120 cum
551 1063 640 1123 dictio
661 1064 771 1123 desinit
794 1065 824 1122 in
839 1084 894 1132 us;
928 1065 982 1124 sed
995 1064 1126 1123 vocalem
1140 1083 1214 1142 quo-

115 1175 187 1232 que,
203 1156 251 1214 cui
266 1156 406 1234 adjuncta
421 1167 476 1230 est,
498 1160 624 1218 resecuit
648 1178 727 1238 saepc
742 1157 878 1231 Plautus,
899 1158 988 1238 idque
1002 1178 1060 1217 non
1076 1159 1104 1216 in
1120 1159 1215 1218 nomi·

115 1250 205 1309 nibus
221 1258 347 1322 tanturn,
360 1261 395 1310 ut
417 1252 457 1324 in,
477 1271 591 1325 servus,
605 1252 659 1311 sed
674 1253 705 1310 in
718 1253 815 1312 verbis
836 1254 934 1325 etiam,
955 1264 989 1312 ut
1008 1255 1053 1326 in,
1068 1253 1215 1327 volumus,

117 1344 287 1414 attulimus,
299 1350 355 1405 dcc.
387 1346 500 1406 Eadem
511 1355 628 1425 quoque
642 1347 771 1420 licentia,
784 1367 852 1406 cum
863 1367 919 1407 vox
940 1347 1049 1407 desinit
1061 1349 1091 1405 in
1106 1349 1142 1419 is,
1155 1367 1215 1407 uon

116 1439 209 1498 modo
224 1460 238 1498 s
250 1439 394 1516 abjicitur,
405 1442 488 1513 utin,
500 1441 606 1518 magis,
616 1441 713 1514 nimis,
723 1442 833 1519 pergis,
844 1441 946 1514 tristis,
960 1440 1041 1521 quod
1052 1442 1215 1502 aTerentio

117 1535 243 1606 factum,
257 1534 312 1594 sed
326 1535 352 1593 is
366 1535 465 1608 etiam,
480 1537 569 1609 utin,
584 1535 698 1607 similis,
710 1535 883 1608 consimilis,
895 1535 1061 1607 exorabilis,
1074 1536 1215 1614 corporis,

118 1629 255 1686 Veneris.
298 1628 448 1687 Interdum
464 1649 478 1688 s
494 1629 619 1708 abjecta,
637 1631 647 1688 i
668 1631 831 1710 corripitur,
847 1651 942 1710 neque
968 1651 983 1689 s
1006 1630 1095 1690 modo
1117 1631 1169 1690 sed
1190 1632 1216 1691 is

119 1743 240 1800 quoque
261 1742 278 1781 a
300 1723 357 1784 line
371 1723 543 1799 detrahitur,
559 1726 648 1786 etiam
661 1745 729 1785 eum
749 1737 855 1786 natura
868 1728 959 1807 longa
973 1737 1038 1795 est;
1070 1728 1216 1806 exempla,

119 1818 170 1877 uhi
186 1837 201 1876 s
216 1818 349 1878 detracta
368 1820 553 1900 icorripitur,
577 1833 656 1894 sunt,
679 1823 781 1882 multis
802 1832 833 1882 et
853 1823 941 1896 miris,
967 1821 1123 1900 exquibus
1137 1821 1218 1882 sacta

119 1922 202 1985 sunt,
211 1913 390 1993 multimodis
400 1926 431 1976 et
440 1916 600 1976 mirimodis
611 1936 619 1974 ι
632 1916 777 1996 posterior
784 1937 904 1997 quoque
916 1919 957 1990 in,
967 1918 1064 1988 nobis,
1075 1927 1114 1989 et,
1122 1918 1217 1989 vobis,

119 2008 226 2066 eadem
239 2009 360 2068 licentia
382 2009 538 2088 aliquoties
561 2011 641 2089 apud
665 2011 803 2070 Plautum
825 2011 931 2087 corripi
951 2010 1077 2081 videtur,
1101 2020 1132 2069 et
1144 2031 1218 2071 non-

119 2123 275 2181 nunquam
305 2113 401 2162 totum
424 2105 449 2162 is
476 2104 573 2182 abjici,
593 2103 651 2162 nisi
674 2123 728 2183 pro
752 2103 788 2162 iis
812 2102 972 2180 legendum
996 2103 1034 2161 sit
1051 2102 1099 2161 bis
1120 2114 1150 2162 et
1163 2103 1219 2176 vis,

119 2218 248 2278 quorum
261 2198 340 2274 prius
356 2217 420 2275 pro,
435 2198 532 2270 nohis,
544 2199 684 2278 antiquos
699 2198 810 2258 dixisse
821 2197 973 2258 annotavit
983 2199 1110 2258 Festus:
1132 2198 1218 2278 hujus

122 2304 221 2353 autem
238 2293 363 2352 licentiae
378 2293 459 2352 clara
473 2295 609 2372 exempla
620 2304 699 2366 suut,
713 2295 834 2372 paratis,
848 2294 987 2373 imperiis.

165 2389 222 2447 llis
237 2388 331 2446 addas
343 2388 423 2466 quod
436 2409 469 2449 es
484 2389 629 2449 interdurn
644 2391 778 2470 abjicitur
792 2391 833 2464 in,
849 2409 913 2456 res3
936 2399 975 2462 et,
996 2409 1042 2449 res
1064 2399 1120 2462 est,
1135 2410 1170 2463 eu
1184 2412 1219 2451 eo

123 2484 236 2562 saepius
251 2485 285 2542 fit
299 2483 446 2563 monosyl.

163 2581 264 2658 Atque
287 2579 334 2637 hae
356 2578 416 2640 sere
433 2596 503 2640 sunt
525 2583 662 2654 rationes,
677 2582 784 2660 quibus
798 2590 910 2640 veteres
935 2578 1048 2640 Comici
1061 2599 1144 2639 veras
1157 2600 1221 2640 ver·

123 2677 228 2734 borum
242 2675 423 2751 quantitates
438 2676 533 2736 solent
547 2678 728 2751 imminuere,
749 2675 933 2756 corripiendo
946 2695 1052 2753 nempe
1065 2684 1095 2735 et
1105 2686 1222 2735 contra·

123 2771 236 2830 hendo.
279 2769 317 2828 Et
341 2771 428 2847 hujus
453 2773 569 2850 generis
592 2784 637 2839 est
663 2774 849 2833 licentiarum
870 2790 939 2848 pars
963 2769 1053 2847 longe
1075 2770 1221 2828 maxima:

124 2885 227 2925 earum
241 2884 311 2925 vero
326 2885 425 2926 causae
440 2886 477 2926 ex
497 2868 632 2946 populari
656 2868 798 2948 loquendi
812 2865 1027 2927 consuetudine
1050 2873 1080 2925 et
1093 2869 1223 2946 pronun·

124 2961 257 3023 tiationis
272 2971 377 3020 natura
388 2962 526 3041 petendae
541 2975 620 3024 sunt.
656 2965 717 3025 Sed
731 2975 761 3024 et
775 2964 841 3024 aliae
853 2960 1004 3021 nonnullae
1019 2971 1089 3019 sunt
1103 2960 1224 3025 alterius

123 3142 268 3205 pyrrhichii
288 3143 343 3193 loco
365 3149 437 3207 sunt,
453 3143 524 3208 quasi
544 3144 653 3207 duorum
694 3142 817 3204 Virgines
836 3156 894 3189 nam
913 3141 962 3189 sibi
974 3133 1081 3204 quisque
1093 3139 1162 3189 domi
1174 3140 1226 3213 llo-¹

125 3223 229 3264 tautum
241 3222 329 3266 essent
339 3221 493 3281 temporum.
694 3231 783 3265 manus
798 3216 881 3265 hahet
901 3230 951 3264 sas.
986 3213 1037 3264 Sed
1060 3216 1122 3264 satis
1141 3215 1230 3264 multa

157 3296 175 3339 9
193 3291 298 3352 Ejin'at]
314 3291 347 3340 ln
363 3292 468 3342 vocibus
481 3291 556 3356 hujus
566 3290 656 3340 forme
695 3292 764 3356 apud
776 3293 887 3342 Ennium
899 3290 1018 3354 exempla
1037 3298 1106 3354 suut,
1126 3290 1153 3342 in
1170 3292 1226 3356 qui-

125 3367 198 3429 prior
210 3366 219 3413 i
230 3381 288 3415 cum
298 3367 382 3425 altera
391 3366 418 3415 in
430 3381 507 3416 unam
524 3365 656 3428 coalescit,
695 3369 743 3421 hus
759 3383 848 3419 versus
858 3369 1008 3419 hexameter
1018 3367 1112 3432 incipit
1121 3368 1155 3419 ab
1166 3369 1227 3419 aua-²

125 3449 154 3492 et
171 3450 226 3490 tum
248 3441 256 3488 i
275 3440 373 3506 duplex
395 3457 453 3492 cum
472 3442 557 3491 roceli
573 3441 657 3506 prima
699 3452 792 3510 presto.

124 3518 314 3580 diphthongum
324 3516 417 3567 induit.
729 3524 745 3568 2
763 3519 868 3585 Libere]
883 3518 982 3568 Eadem
993 3520 1138 3569 contractio
1148 3519 1179 3568 fit
1189 3519 1226 3581 in,

162 3595 176 3640 l
206 3591 342 3656 Virginem]
374 3593 435 3642 Non
463 3593 526 3642 satis
555 3597 658 3642 constat
698 3594 819 3656 liberare,
830 3594 946 3657 liberius,
958 3595 1149 3658 periculum‚et
1159 3594 1228 3642 simi·

125 3673 215 3716 utrum
227 3667 253 3714 in
265 3666 314 3716 hac
323 3681 386 3717 voce
398 3668 494 3720 vocalis
511 3669 597 3719 necta
612 3669 657 3721 cli·
697 3670 773 3720 libus.

125 3741 400 3806 doudasit,anprima
408 3743 587 3808 corripienda3
599 3751 663 3808 pos-¹
729 3742 832 3806 tultcr’]
841 3743 927 3807 Clara,
937 3743 964 3793 ui
974 3742 1059 3805 fallor,
1070 3740 1139 3805 apud
1148 3740 1228 3790 Plan·

125 3818 212 3868 terius
226 3819 323 3880 malim,
332 3832 391 3868 cum
401 3818 428 3867 in
438 3819 526 3869 multis
543 3819 657 3868 animad·
698 3825 752 3867 tum
761 3820 881 3882 exempla
890 3826 949 3869 sunt
959 3820 1034 3883 hujus
1041 3815 1167 3878 licentia,
1175 3831 1228 3880 qua

126 3900 227 3956 vertas,
250 3894 363 3942 vocalem
385 3894 491 3943 brevem
511 3900 573 3944 aute
595 3893 659 3943 duas
699 3893 809 3944 esmale
826 3895 854 3944 in
875 3895 960 3944 uerbis
975 3890 1150 3942 modiiufiuiti
1164 3891 1228 3955 abji-

127 3979 258 4020 consonas
270 3982 377 4032 quorum
388 3969 460 4030 prior
469 3973 510 4017 est
517 3982 541 4031 r,
552 3967 659 4031 corrlpl.
699 3971 767 4022 citur
777 3975 903 4035 sequente
919 3981 1039 4029 consona,
1054 3979 1105 4030 qua
1122 3965 1229 4021 licentia

127 4045 228 4096 Contra
238 4059 299 4095 vera
307 4042 415 4096 affertur
423 4045 465 4099 hic
473 4060 563 4098 versus
571 4047 659 4099 Ennii:
700 4047 770 4099 nulla
782 4045 851 4109 apud
862 4044 942 4094 Italos
954 4041 1124 4109 frequentior.
1214 4038 1217 4043 '
