2678 4702
207 271 273 337 304
581 286 612 332 e.
635 282 817 333 naasson
842 282 932 333 nent

207 430 274 495 Per
288 434 382 493 tuam
396 424 506 504 fidem,
519 445 645 510 perque
655 427 755 512 hujus
770 425 986 492 solitudinem
1264 429 1294 491 st

207 532 257 596 Te
272 532 432 606 obtestor,
444 547 486 592 ne
498 530 559 592 abs
576 538 609 593 te
621 529 706 593 hanc
721 548 887 612 segreges,
900 547 966 592 nen
980 527 1128 592 deseras
1143 550 1152 593 :

208 635 246 697 Si
261 638 293 696 to
305 633 340 694 in
356 632 504 713 germani
518 630 627 696 fratris
640 631 744 694 dilexi
752 631 845 707 joco,

208 735 288 799 Sive
300 734 374 797 haec
389 742 422 797 te
439 733 550 797 solum
565 752 698 817 semper
711 733 791 797 fecit
803 731 956 808 maximi,
1002 768 1007 777 ι

208 836 276 901 Seu
290 835 353 899 tibi
367 835 532 916 morigera
546 832 608 897 suit
622 835 657 897 in
671 835 772 898 rebus
786 833 950 901 omnibus.

207 938 258 1003 Te
272 937 330 1002 isti
346 937 451 1002 virum
464 935 521 1013 do,
536 937 692 1012 amicum,
707 939 859 1009 tutorem,
874 942 1021 1015 patrem.
1263 934 1297 998 nu

208 1040 307 1105 Bona
320 1044 433 1103 nostra
446 1037 519 1101 haec
536 1037 598 1100 tibi
613 1035 781 1119 permitto,
795 1040 830 1101 et
843 1032 1050 1103 tuae,mando
1066 1033 1163 1099 fidei.

208 1141 311 1205 Hanc
326 1138 407 1203 mihi
422 1139 457 1203 in
471 1158 604 1202 manum
619 1139 695 1203 dat:
718 1156 809 1201 mors
829 1137 988 1202 continno
1003 1136 1122 1219 ipsam
1139 1144 1284 1221 occupat.

207 1243 359 1330 Accepi:
383 1247 559 1324 acceptam
575 1241 730 1304 servabo.
774 1237 855 1302 Mu.
876 1239 931 1304 Ita
944 1258 1048 1321 spero
1063 1239 1216 1322 quidem.

207 1347 278 1412 ΡΑ.
300 1345 368 1410 Sed
383 1363 443 1406 cur
462 1348 499 1406 tu
515 1341 647 1406 abisab
663 1339 749 1403 illei
796 1339 877 1404 MY.
922 1338 1159 1404 Obstetricem
1173 1360 1300 1405 arcesso

338 1447 406 1512 ΡΑ.
429 1445 592 1530 Propera.

206 1650 271 1695 trent
286 1644 417 1704 eugenium
427 1647 511 1696 tuum,-
525 1655 568 1703 per
578 1644 642 1690 tunm
648 1639 734 1703 fldem,
748 1651 836 1702 perque
853 1635 923 1698 nujus
938 1636 1103 1695 solitudinem,
1122 1643 1148 1687 te
1163 1639 1269 1698 obtestor,
1279 1649 1302 1685 st

207 1712 248 1759 obt
263 1714 287 1757 te
305 1709 365 1756 tnnc
381 1721 483 1768 separes,
495 1719 552 1752 nese
561 1706 662 1753 deseras.
696 1702 725 1750 Sr’
734 1706 760 1751 te
769 1708 797 1751 ut
807 1700 915 1762 fratrem
924 1716 1065 1762 germanum
1077 1704 1167 1762 dilexi,
1176 1704 1224 1752 one
1233 1704 1303 1751 torte

206 1773 280 1821 soum
288 1785 378 1833 semper
387 1768 562 1828 maximiseeit,
571 1768 657 1816 ceteris
665 1766 798 1814 bominibus
806 1765 964 1828 posthabitisr
974 1767 1024 1815 siue
1035 1767 1063 1813 in
1075 1766 1259 1817 omnituentes
1267 1765 1304 1812 titi

206 1849 293 1884 storern
299 1835 392 1895 gessit:
412 1839 435 1883 te
450 1833 492 1881 isti
508 1832 584 1881 sirum
601 1833 640 1890 do,
656 1831 765 1886 noriam,
783 1836 894 1891 tutorem,
910 1835 1019 1893 putrem
1038 1830 1100 1879 6666
1112 1831 1166 1879 ttoec
1176 1837 1255 1881 nostru
1269 1829 1304 1878 titi

205 1899 334 1958 corurnitto,
346 1904 368 1946 et
379 1903 427 1946 tuoe
437 1897 568 1946 commendo
578 1895 650 1961 fidei.
685 1895 794 1958 Chrysis,
810 1894 854 1943 tec
872 1895 977 1944 oratione
987 1894 1076 1958 finito,
1094 1895 1161 1943 mitri
1180 1895 1303 1958 Glycerio·

173 2020 176 2025 ¹
206 1965 283 2013 trudit
293 1963 320 2011 in
330 1978 432 2012 monum.
465 1959 708 2022 Morsstntirnr'psnrn
716 1957 818 2007 insedit.
852 1958 1041 2020 Dntnmneeepi.
1076 1957 1304 2020 Acceptnmemtn

206 2029 266 2081 Mu.
278 2026 436 2089 ltnsuturunu
446 2026 473 2076 id
483 2040 559 2089 spera
594 2026 646 2074 ΡΑ.
663 2022 711 2073 Sed
720 2037 763 2071 cur
775 2022 828 2071 otis
838 2019 937 2072 666666
969 2023 1305 2074 innotueramus.

667 2141 851 2164 mnemon

207 2230 312 2278 Genium
322 2235 390 2278 tuunr
401 2229 477 2277 Both.
510 2227 656 2275 Bentleinm
676 2226 793 2290 seqnitur
811 2225 884 2274 Peri.
909 2223 1005 2287 ι6613.
1017 2224 1161 2286 ingenium.-
1178 2226 1225 2276 sed
1236 2226 1302 2274 best.

205 2293 311 2357 legend.
334 2293 412 2342 docet
433 2291 547 2353 genium!
566 2293 597 2340 R.
607 2293 708 2341 D.-ss
726 2291 791 2339 GM.
802 2289 919 2339 rotabunt.
956 2288 997 2337 Id.
1017 2288 1044 2336 in
1067 2304 1152 2352 marg.
1173 2293 1206 2340 at.
1221 2290 1304 2339 sotitud

207 2357 278 2406 Pert.
314 2357 373 2417 Ejus
392 2371 438 2421 pro
458 2356 527 2416 injus
547 2354 637 2405 Guelf.
656 2359 747 2403 1.-68
764 2355 880 2404 Pluscnli
893 2352 957 2401 Mss.
968 2354 1062 2415 legunt
1071 2356 1216 2404 muniam
1228 2356 1303 2419 ⁴West.

206 2420 326 2470 &nobee
337 2428 361 2470 te
371 2422 430 2484 lege
442 2435 475 2469 ex
487 2420 563 2469 codd.
574 2418 711 2469 nonnullis.
746 2417 816 2467 ‘Te'
836 2418 991 2493 enimcum
1012 2418 1038 2466 in
1058 2417 1116 2467 ictu
1137 2434 1191 2468 non
1205 2419 1247 2481 sit,
1261 2431 1302 2466 nnn

205 2480 1303 2610 tettttntt·innituittattt²nttttttittigtrtfftttn

205 2611 245 2660 bis
257 2612 369 2660 dicatur.
392 2612 468 2661 West.
501 2610 557 2660 ΕΑ.
576 2611 817 2660 emitterentur.
850 2610 892 2660 Id.
912 2610 938 2657 in
959 2609 1030 2658 Add.
1053 2610 1118 2658 Plus
1142 2618 1188 2660 est
1202 2609 1302 2674 pernr'tto

206 2690 283 2739 qnam
304 2675 433 2723 committo.
467 2673 501 2723 R.
521 2675 555 2722 1).
600 2672 634 2735 A,
656 2674 707 2725 Gn.
728 2679 754 2726 2.
789 2673 852 2725 Hel.
881 2675 1011 2736 committo,
1037 2680 1068 2722 nt
1092 2681 1120 2722 et
1152 2675 1303 2724 Lindenbro·

204 2740 303 2802 gisone,
325 2754 358 2789 ex
380 2740 426 2788 int.
447 2739 551 2803 quidem
572 2738 738 2801 elegantioris
759 2740 837 2787 vocis.
860 2739 933 2789 Burs.
968 2740 1060 2787 Corum.
1083 2739 1131 2787 Br.
1152 2737 1241 2790 Onelt'.
1253 2743 1301 2786 1.-

205 2808 238 2853 62
254 2805 290 2856 Ae
312 2818 358 2868 pro
380 2804 453 2852 Hune
483 2802 628 2852 Boin-ss
648 2804 763 2866 Equidem
784 2800 873 2852 Guelf.
892 2808 916 2851 1.
945 2800 953 2829 ‘
978 2802 1045 2850 Post
1068 2817 1106 2851 vs.
1129 2807 1174 2852 63.
1202 2815 1301 2868 sequnn-

206 2875 250 2917 tur
269 2869 326 2918 haec
346 2869 372 2916 in
396 2866 483 2917 Guetf.
504 2871 530 2916 2.
558 2868 617 2916 Ntst
634 2882 697 2915 mors
714 2867 803 2916 adimet
822 2868 883 2915 tnnc
901 2865 961 2914 mitri
975 2880 1051 2914 neruo.
1094 2864 1139 2916 Cf.
1163 2880 1203 2917 ιν.
1219 2872 1242 2917 2.
1262 2863 1301 2915 lt'

204 2934 338 2984 Peru-or
356 2934 431 2983 Bodt.
452 2931 606 2994 Propernbis.
627 2931 710 2979 West.
743 2929 938 2980 manaverunt
950 2944 999 2978 non
1011 2929 1120 2991 patitur.
1157 2933 1193 2980 Et
1204 2939 1245 2980 est
1254 2930 1301 2980 bre·

205 2999 272 3048 uitus
284 2998 398 3055 Corsica,
409 2999 430 3046 si
441 2997 519 3044 absit.
553 2995 609 3059 [Sic
622 2995 726 3058 judicat
738 3001 765 3044 et
777 2994 859 3057 Gora]
890 2996 919 3044 1².
934 2993 1071 3042 mundar
1083 2995 1220 3056 Bergium,
1230 2993 1269 3060 qui
1279 2994 1300 3040 in

205 3063 255 3113 Ed.
266 3077 322 3124 sua,
340 3063 401 3112 anni
413 3065 485 3110 istd.
503 3068 557 3110 tres
580 3060 738 3121 posteriores
758 3072 809 3108 uss.
826 3060 852 3107 in
865 3058 929 3107 dnos
943 3064 1112 3108 tetrametros
1132 3057 1301 3124 dispeseuerit

207 3128 247 3176 Id.
258 3128 284 3175 in
296 3129 360 3177 Add.
392 3127 435 3176 Sic
448 3125 550 3175 erfecit
564 3124 642 3173 Both.
654 3123 697 3188 qui
709 3137 811 3172 versum
825 3127 867 3171 64.
883 3122 914 3171 ed
929 3122 1035 3171 verbum
1053 3122 1180 3186 ‘arudin’J
1197 3131 1223 3173 et
1235 3134 1301 3171 versu

205 3196 248 3239 65.
267 3206 370 3241 scenam
383 3192 515 3240 terminat.
531 3190 640 3238 ‘Verba
651 3192 745 3252 ‘atque
757 3187 835 3235 andin
844 3188 861 3235 ?'
879 3185 977 3235 debent
988 3200 1092 3234 versum
1112 3188 1301 3237 antecedentem

204 3255 346 3306 claudere?
362 3257 576 3306 Bentndosdt.
611 3252 678 3302 ‘Sed
696 3267 738 3301 our
756 3257 784 3300 tu
803 3251 832 3299 ab
851 3248 914 3300 utut
945 3250 989 3300 Sic
1001 3250 1086 3300 edidit
1098 3252 1221 3316 Sandby!
1236 3251 1301 3300 Zeus.

704 3355 812 3406 NOTAE

238 3458 270 3503 st
288 3454 323 3503 Et
340 3455 463 3517 ingenium
481 3452 560 3516 tuum]
586 3450 647 3513 Alii,
664 3458 693 3499 nt
710 3459 738 3501 et
779 3451 878 3503 testor!

205 3531 334 3592 Donatus,
363 3531 454 3594 legunt
487 3530 592 3591 genium.
638 3528 737 3577 Genius
809 3532 842 3576 56
859 3529 898 3576 Ne
907 3526 949 3576 obs
967 3532 990 3576 te
1006 3526 1067 3577 bunc
1077 3530 1205 3596 segreges]
1220 3531 1300 3593 Segre-

206 3608 281 3657 Dens
293 3614 345 3669 est,
356 3608 382 3655 in
395 3608 469 3670 cnjus
487 3605 571 3654 tutela
587 3604 704 3668 vivimus,
722 3620 738 3655 e
778 3619 840 3667 gare
855 3612 906 3664 est,
924 3617 1028 3666 agrege
1041 3619 1178 3667 separare.
1207 3609 1300 3656 Senten

204 3683 336 3747 gignendo
346 3682 441 3742 dictus,
453 3681 521 3745 qnod
534 3680 622 3729 statim
636 3696 681 3729 nos
693 3694 736 3743 ge·
779 3681 815 3729 tin
827 3687 880 3728 est:
894 3681 937 3729 Ne
945 3693 1076 3741 segreges,
1087 3681 1115 3728 id
1128 3689 1180 3740 est,
1192 3680 1300 3745 repudies

204 3759 274 3808 uitos
286 3757 411 3821 suscipiat
422 3764 451 3806 et
468 3762 579 3804 tueatur.
613 3756 675 3806 Fuit
692 3771 737 3805 en·
777 3754 827 3804 tibi
842 3755 971 3819 junctam,
990 3767 1041 3802 neu
1058 3752 1168 3804 deseras
1186 3758 1301 3806 solenter

206 3838 258 3881 tem
270 3832 313 3883 hic
329 3830 421 3880 orandi
438 3830 538 3892 modus,
559 3843 605 3892 per
624 3830 735 3880 Genium
777 3831 878 3880 orbam.

206 3915 233 3956 et
244 3907 374 3969 dextrum,
384 3904 506 3970 Antiqnis
519 3905 630 3954 usitatus
648 3914 677 3954 et
696 3904 735 3955 sn·
808 3910 840 3955 62
858 3906 930 3955 Hunc
950 3905 1010 3954 nint
1030 3905 1058 3954 t'n
1079 3921 1180 3957 monum
1200 3905 1252 3970 dot]
1276 3905 1301 3953 16

205 3983 320 4034 mitioris.
353 3983 446 4032 Horat.
472 3982 559 4044 Epist.
584 3986 610 4031 t.
642 3980 687 4029 tib.
717 3995 736 4032 r.
776 3989 825 4044 est,
842 3980 873 4031 fit
894 3982 955 4031 mihi
973 3994 1047 4042 rrxor,
1059 3988 1087 4029 et
1103 3981 1303 4043 materiamina

206 4055 303 4107 ‘Quod
316 4065 342 4107 te
353 4073 401 4121 per
412 4058 534 4120 Genium,
556 4057 735 4121 dextramque,
775 4074 833 4125 quae
845 4059 871 4108 in
882 4072 960 4108 menn
970 4064 998 4106 et
1009 4057 1058 4107 viri
1069 4064 1208 4120 potestate
1221 4066 1266 4110 est.

205 4132 330 4197 Deosque
351 4134 476 4197 Penates,
498 4135 617 4186 Obsecro
639 4139 666 4183 et
685 4133 735 4181 ob.
