<?xml version="1.0" encoding="UTF-8"?>
<!DOCTYPE html PUBLIC "-//W3C//DTD XHTML 1.0 Transitional//EN"
    "http://www.w3.org/TR/xhtml1/DTD/xhtml1-transitional.dtd">
<html xmlns="http://www.w3.org/1999/xhtml" xml:lang="en" lang="en">
 <head>
  <title>
</title>
<meta http-equiv="Content-Type" content="text/html;charset=utf-8" />
  <meta name='ocr-system' content='tesseract 3.04.00' />
  <meta name='ocr-capabilities' content='ocr_page ocr_carea ocr_par ocr_line ocrx_word'/>
</head>
<body>
  <div class='ocr_page' id='page_1' title='image "./comoedisex03westgoog_0266.png"; bbox 0 0 2678 4702; ppageno 0'>
   <div class='ocr_carea' id='block_1_1' title="bbox 423 288 1225 354">
    <p class='ocr_par' dir='ltr' id='par_1_1' title="bbox 423 288 1225 354">
     <span class='ocr_line' id='line_1_1' title="bbox 423 288 1225 354; baseline 0.002 -2"><span class='ocrx_word' id='word_1_1' title='bbox 423 304 471 353; x_wconf 87' lang='lat' dir='ltr'><strong>nn</strong></span> <span class='ocrx_word' id='word_1_2' title='bbox 496 301 635 351; x_wconf 76' lang='lat' dir='ltr'><strong>mansas</strong></span> <span class='ocrx_word' id='word_1_3' title='bbox 659 288 929 351; x_wconf 78' lang='lat' dir='ltr'><strong>rsaesrrarrrs.</strong></span> <span class='ocrx_word' id='word_1_4' title='bbox 1159 289 1225 354; x_wconf 73' lang='lat' dir='ltr'><strong>sta</strong></span> 
     </span>
    </p>
   </div>
   <div class='ocr_carea' id='block_1_2' title="bbox 96 442 1257 3488">
    <p class='ocr_par' dir='ltr' id='par_1_2' title="bbox 112 442 1257 1482">
     <span class='ocr_line' id='line_1_2' title="bbox 114 442 1224 526; baseline -0.003 -17"><span class='ocrx_word' id='word_1_5' title='bbox 114 458 181 509; x_wconf 90' lang='lat' dir='ltr'><strong>tum</strong></span> <span class='ocrx_word' id='word_1_6' title='bbox 205 445 236 505; x_wconf 91' lang='lat' dir='ltr'><strong>in</strong></span> <span class='ocrx_word' id='word_1_7' title='bbox 255 444 359 505; x_wconf 84' lang='lat' dir='ltr'><strong>ultima</strong></span> <span class='ocrx_word' id='word_1_8' title='bbox 374 445 474 516; x_wconf 87' lang='lat' dir='ltr'><strong>habet,</strong></span> <span class='ocrx_word' id='word_1_9' title='bbox 499 456 604 526; x_wconf 83' lang='lat' dir='ltr'><strong>praeter</strong></span> <span class='ocrx_word' id='word_1_10' title='bbox 618 447 734 506; x_wconf 86' lang='lat' dir='ltr'><strong>unicam</strong></span> <span class='ocrx_word' id='word_1_11' title='bbox 749 443 839 517; x_wconf 89' lang='lat' dir='ltr'><strong>illam,</strong></span> <span class='ocrx_word' id='word_1_12' title='bbox 855 445 968 504; x_wconf 69' lang='lat' dir='ltr'><strong>virumn</strong></span> <span class='ocrx_word' id='word_1_13' title='bbox 989 442 1078 522; x_wconf 89' lang='lat' dir='ltr'><strong>idque</strong></span> <span class='ocrx_word' id='word_1_14' title='bbox 1092 454 1171 505; x_wconf 87' lang='lat' dir='ltr'><strong>reete</strong></span> <span class='ocrx_word' id='word_1_15' title='bbox 1185 446 1224 506; x_wconf 92' lang='lat' dir='ltr'><strong>ob</strong></span> 
     </span>
     <span class='ocr_line' id='line_1_3' title="bbox 114 540 1224 622; baseline 0 -20"><span class='ocrx_word' id='word_1_16' title='bbox 114 562 250 622; x_wconf 87' lang='lat' dir='ltr'><strong>sequens</strong></span> <span class='ocrx_word' id='word_1_17' title='bbox 265 541 434 613; x_wconf 88' lang='lat' dir='ltr'><strong>encliticon,</strong></span> <span class='ocrx_word' id='word_1_18' title='bbox 448 562 526 621; x_wconf 85' lang='lat' dir='ltr'><strong>que:</strong></span> <span class='ocrx_word' id='word_1_19' title='bbox 551 541 633 621; x_wconf 93' lang='lat' dir='ltr'><strong>quod</strong></span> <span class='ocrx_word' id='word_1_20' title='bbox 654 541 701 601; x_wconf 90' lang='lat' dir='ltr'><strong>hic</strong></span> <span class='ocrx_word' id='word_1_21' title='bbox 716 541 806 600; x_wconf 87' lang='lat' dir='ltr'><strong>semel</strong></span> <span class='ocrx_word' id='word_1_22' title='bbox 822 542 942 613; x_wconf 87' lang='lat' dir='ltr'><strong>dictum,</strong></span> <span class='ocrx_word' id='word_1_23' title='bbox 957 541 987 600; x_wconf 91' lang='lat' dir='ltr'><strong>in</strong></span> <span class='ocrx_word' id='word_1_24' title='bbox 1003 540 1140 601; x_wconf 89' lang='lat' dir='ltr'><strong>Terentio</strong></span> <span class='ocrx_word' id='word_1_25' title='bbox 1154 561 1224 621; x_wconf 90' lang='lat' dir='ltr'><strong>pas·</strong></span> 
     </span>
     <span class='ocr_line' id='line_1_4' title="bbox 112 636 1224 722; baseline -0.003 -20"><span class='ocrx_word' id='word_1_26' title='bbox 112 642 173 702; x_wconf 81' lang='lat' dir='ltr'><strong>rim</strong></span> <span class='ocrx_word' id='word_1_27' title='bbox 186 638 262 710; x_wconf 91' lang='lat' dir='ltr'><strong>fieri,</strong></span> <span class='ocrx_word' id='word_1_28' title='bbox 277 637 502 699; x_wconf 89' lang='lat' dir='ltr'><strong>animadvertes.</strong></span> <span class='ocrx_word' id='word_1_29' title='bbox 550 638 633 698; x_wconf 85' lang='lat' dir='ltr'><strong>Idem</strong></span> <span class='ocrx_word' id='word_1_30' title='bbox 646 637 778 696; x_wconf 88' lang='lat' dir='ltr'><strong>efficiunt</strong></span> <span class='ocrx_word' id='word_1_31' title='bbox 793 657 851 709; x_wconf 84' lang='lat' dir='ltr'><strong>irs,</strong></span> <span class='ocrx_word' id='word_1_32' title='bbox 866 657 917 708; x_wconf 84' lang='lat' dir='ltr'><strong>us,</strong></span> <span class='ocrx_word' id='word_1_33' title='bbox 932 656 988 696; x_wconf 84' lang='lat' dir='ltr'><strong>sn:</strong></span> <span class='ocrx_word' id='word_1_34' title='bbox 1012 636 1151 698; x_wconf 73' lang='lat' dir='ltr'><strong>Miseram</strong></span> <span class='ocrx_word' id='word_1_35' title='bbox 1167 659 1224 722; x_wconf 80' lang='lat' dir='ltr'><strong>me,</strong></span> 
     </span>
     <span class='ocr_line' id='line_1_5' title="bbox 113 732 1225 816; baseline -0.003 -18"><span class='ocrx_word' id='word_1_36' title='bbox 113 735 205 816; x_wconf 82' lang='lat' dir='ltr'><strong>quod</strong></span> <span class='ocrx_word' id='word_1_37' title='bbox 218 736 339 795; x_wconf 73' lang='lat' dir='ltr'><strong>verbum</strong></span> <span class='ocrx_word' id='word_1_38' title='bbox 356 733 468 794; x_wconf 69' lang='lat' dir='ltr'><strong>audio?</strong></span> <span class='ocrx_word' id='word_1_39' title='bbox 492 734 601 812; x_wconf 89' lang='lat' dir='ltr'><strong>quippe</strong></span> <span class='ocrx_word' id='word_1_40' title='bbox 611 732 687 792; x_wconf 83' lang='lat' dir='ltr'><strong>brec</strong></span> <span class='ocrx_word' id='word_1_41' title='bbox 702 732 824 803; x_wconf 86' lang='lat' dir='ltr'><strong>Latinis,</strong></span> <span class='ocrx_word' id='word_1_42' title='bbox 839 740 873 791; x_wconf 94' lang='lat' dir='ltr'><strong>ut</strong></span> <span class='ocrx_word' id='word_1_43' title='bbox 886 732 987 802; x_wconf 87' lang='lat' dir='ltr'><strong>etiarn,</strong></span> <span class='ocrx_word' id='word_1_44' title='bbox 1001 751 1073 805; x_wconf 90' lang='lat' dir='ltr'><strong>rem,</strong></span> <span class='ocrx_word' id='word_1_45' title='bbox 1086 733 1225 795; x_wconf 86' lang='lat' dir='ltr'><strong>enclitica</strong></span> 
     </span>
     <span class='ocr_line' id='line_1_6' title="bbox 115 827 1257 906; baseline -0.002 -14"><span class='ocrx_word' id='word_1_46' title='bbox 115 843 202 904; x_wconf 89' lang='lat' dir='ltr'><strong>sunt,</strong></span> <span class='ocrx_word' id='word_1_47' title='bbox 219 846 253 892; x_wconf 88' lang='lat' dir='ltr'><strong>ut</strong></span> <span class='ocrx_word' id='word_1_48' title='bbox 265 829 380 890; x_wconf 83' lang='lat' dir='ltr'><strong>Graecis</strong></span> <span class='ocrx_word' id='word_1_49' title='bbox 401 830 471 901; x_wconf 88' lang='lat' dir='ltr'><strong>ME,</strong></span> <span class='ocrx_word' id='word_1_50' title='bbox 491 831 551 890; x_wconf 79' lang='grc' dir='ltr'><strong>ΣΕ.</strong></span> <span class='ocrx_word' id='word_1_51' title='bbox 592 829 705 888; x_wconf 87' lang='lat' dir='ltr'><strong>Eadem</strong></span> <span class='ocrx_word' id='word_1_52' title='bbox 719 838 766 888; x_wconf 89' lang='lat' dir='ltr'><strong>est</strong></span> <span class='ocrx_word' id='word_1_53' title='bbox 779 838 809 889; x_wconf 91' lang='lat' dir='ltr'><strong>et</strong></span> <span class='ocrx_word' id='word_1_54' title='bbox 820 827 1057 906; x_wconf 74' lang='lat' dir='ltr'><strong>interrogationis</strong></span> <span class='ocrx_word' id='word_1_55' title='bbox 1072 828 1135 898; x_wconf 86' lang='lat' dir='ltr'><strong>vis;</strong></span> <span class='ocrx_word' id='word_1_56' title='bbox 1162 830 1223 891; x_wconf 87' lang='lat' dir='ltr'><strong>sire</strong></span> <span class='ocrx_word' id='word_1_57' title='bbox 1250 838 1257 849; x_wconf 85' lang='grc'><strong>’</strong></span> 
     </span>
     <span class='ocr_line' id='line_1_7' title="bbox 114 923 1222 1004; baseline -0.003 -15"><span class='ocrx_word' id='word_1_58' title='bbox 114 946 188 989; x_wconf 71' lang='lat' dir='ltr'><strong>cnm</strong></span> <span class='ocrx_word' id='word_1_59' title='bbox 203 943 244 988; x_wconf 88' lang='lat' dir='ltr'><strong>ne</strong></span> <span class='ocrx_word' id='word_1_60' title='bbox 256 926 405 997; x_wconf 87' lang='lat' dir='ltr'><strong>enclitico,</strong></span> <span class='ocrx_word' id='word_1_61' title='bbox 418 925 480 986; x_wconf 86' lang='lat' dir='ltr'><strong>sive</strong></span> <span class='ocrx_word' id='word_1_62' title='bbox 493 927 604 1004; x_wconf 87' lang='lat' dir='ltr'><strong>absque</strong></span> <span class='ocrx_word' id='word_1_63' title='bbox 617 939 666 985; x_wconf 89' lang='lat' dir='ltr'><strong>ne.</strong></span> <span class='ocrx_word' id='word_1_64' title='bbox 694 924 730 983; x_wconf 95' lang='lat' dir='ltr'><strong>ln</strong></span> <span class='ocrx_word' id='word_1_65' title='bbox 741 923 798 986; x_wconf 82' lang='lat' dir='ltr'><strong>hac</strong></span> <span class='ocrx_word' id='word_1_66' title='bbox 812 925 901 1004; x_wconf 86' lang='lat' dir='ltr'><strong>igitur</strong></span> <span class='ocrx_word' id='word_1_67' title='bbox 912 923 1119 987; x_wconf 84' lang='lat' dir='ltr'><strong>concinnitatis</strong></span> <span class='ocrx_word' id='word_1_68' title='bbox 1133 925 1222 987; x_wconf 88' lang='lat' dir='ltr'><strong>lande</strong></span> 
     </span>
     <span class='ocr_line' id='line_1_8' title="bbox 114 1019 1221 1104; baseline 0.003 -23"><span class='ocrx_word' id='word_1_69' title='bbox 114 1023 250 1104; x_wconf 66' lang='lat' dir='ltr'><strong>palmam</strong></span> <span class='ocrx_word' id='word_1_70' title='bbox 263 1021 398 1082; x_wconf 90' lang='lat' dir='ltr'><strong>omnibus</strong></span> <span class='ocrx_word' id='word_1_71' title='bbox 413 1021 566 1101; x_wconf 69' lang='lat' dir='ltr'><strong>preripuit</strong></span> <span class='ocrx_word' id='word_1_72' title='bbox 578 1019 752 1088; x_wconf 72' lang='lat' dir='ltr'><strong>Terentius:</strong></span> <span class='ocrx_word' id='word_1_73' title='bbox 768 1037 891 1099; x_wconf 88' lang='lat' dir='ltr'><strong>eamque</strong></span> <span class='ocrx_word' id='word_1_74' title='bbox 907 1030 940 1081; x_wconf 93' lang='lat' dir='ltr'><strong>ut</strong></span> <span class='ocrx_word' id='word_1_75' title='bbox 952 1020 1094 1100; x_wconf 76' lang='lat' dir='ltr'><strong>consequi</strong></span> <span class='ocrx_word' id='word_1_76' title='bbox 1109 1035 1221 1102; x_wconf 76' lang='lat' dir='ltr'><strong>posset,</strong></span> 
     </span>
     <span class='ocr_line' id='line_1_9' title="bbox 113 1115 1223 1196; baseline -0.002 -16"><span class='ocrx_word' id='word_1_77' title='bbox 113 1128 196 1180; x_wconf 75' lang='lat' dir='ltr'><strong>utet</strong></span> <span class='ocrx_word' id='word_1_78' title='bbox 209 1117 318 1178; x_wconf 84' lang='lat' dir='ltr'><strong>vetitos</strong></span> <span class='ocrx_word' id='word_1_79' title='bbox 332 1117 409 1178; x_wconf 87' lang='lat' dir='ltr'><strong>intus</strong></span> <span class='ocrx_word' id='word_1_80' title='bbox 424 1116 576 1196; x_wconf 84' lang='lat' dir='ltr'><strong>effugeret,</strong></span> <span class='ocrx_word' id='word_1_81' title='bbox 588 1128 620 1177; x_wconf 91' lang='lat' dir='ltr'><strong>et</strong></span> <span class='ocrx_word' id='word_1_82' title='bbox 631 1115 776 1177; x_wconf 83' lang='lat' dir='ltr'><strong>voeabula</strong></span> <span class='ocrx_word' id='word_1_83' title='bbox 786 1128 884 1176; x_wconf 88' lang='lat' dir='ltr'><strong>tamen</strong></span> <span class='ocrx_word' id='word_1_84' title='bbox 900 1116 1132 1196; x_wconf 82' lang='lat' dir='ltr'><strong>significantium</strong></span> <span class='ocrx_word' id='word_1_85' title='bbox 1147 1138 1223 1178; x_wconf 77' lang='lat' dir='ltr'><strong>sem·</strong></span> 
     </span>
     <span class='ocr_line' id='line_1_10' title="bbox 116 1211 1222 1295; baseline 0 -21"><span class='ocrx_word' id='word_1_86' title='bbox 116 1232 172 1295; x_wconf 82' lang='lat' dir='ltr'><strong>per</strong></span> <span class='ocrx_word' id='word_1_87' title='bbox 187 1215 246 1274; x_wconf 87' lang='lat' dir='ltr'><strong>sub</strong></span> <span class='ocrx_word' id='word_1_88' title='bbox 260 1215 320 1273; x_wconf 83' lang='lat' dir='ltr'><strong>ictu</strong></span> <span class='ocrx_word' id='word_1_89' title='bbox 335 1224 476 1292; x_wconf 87' lang='lat' dir='ltr'><strong>poneret;</strong></span> <span class='ocrx_word' id='word_1_90' title='bbox 502 1232 561 1272; x_wconf 87' lang='lat' dir='ltr'><strong>non</strong></span> <span class='ocrx_word' id='word_1_91' title='bbox 584 1213 695 1273; x_wconf 88' lang='lat' dir='ltr'><strong>minore</strong></span> <span class='ocrx_word' id='word_1_92' title='bbox 717 1213 817 1274; x_wconf 89' lang='lat' dir='ltr'><strong>studio</strong></span> <span class='ocrx_word' id='word_1_93' title='bbox 836 1211 1007 1292; x_wconf 88' lang='lat' dir='ltr'><strong>judicioque</strong></span> <span class='ocrx_word' id='word_1_94' title='bbox 1020 1214 1110 1274; x_wconf 85' lang='lat' dir='ltr'><strong>verba</strong></span> <span class='ocrx_word' id='word_1_95' title='bbox 1122 1212 1222 1293; x_wconf 88' lang='lat' dir='ltr'><strong>dispo·</strong></span> 
     </span>
     <span class='ocr_line' id='line_1_11' title="bbox 112 1307 1223 1393; baseline 0 -23"><span class='ocrx_word' id='word_1_96' title='bbox 112 1311 190 1393; x_wconf 71' lang='lat' dir='ltr'><strong>suit,</strong></span> <span class='ocrx_word' id='word_1_97' title='bbox 212 1319 243 1369; x_wconf 91' lang='lat' dir='ltr'><strong>et</strong></span> <span class='ocrx_word' id='word_1_98' title='bbox 258 1328 275 1367; x_wconf 92' lang='lat' dir='ltr'><strong>a</strong></span> <span class='ocrx_word' id='word_1_99' title='bbox 289 1326 385 1388; x_wconf 78' lang='lat' dir='ltr'><strong>prosse</strong></span> <span class='ocrx_word' id='word_1_100' title='bbox 398 1308 540 1369; x_wconf 74' lang='lat' dir='ltr'><strong>umbonis</strong></span> <span class='ocrx_word' id='word_1_101' title='bbox 553 1307 657 1369; x_wconf 90' lang='lat' dir='ltr'><strong>ordine</strong></span> <span class='ocrx_word' id='word_1_102' title='bbox 671 1307 809 1369; x_wconf 87' lang='lat' dir='ltr'><strong>decenter</strong></span> <span class='ocrx_word' id='word_1_103' title='bbox 830 1308 956 1382; x_wconf 84' lang='lat' dir='ltr'><strong>invertit,</strong></span> <span class='ocrx_word' id='word_1_104' title='bbox 976 1327 1063 1390; x_wconf 89' lang='lat' dir='ltr'><strong>quarn</strong></span> <span class='ocrx_word' id='word_1_105' title='bbox 1084 1310 1223 1371; x_wconf 87' lang='lat' dir='ltr'><strong>mirificus</strong></span> 
     </span>
     <span class='ocr_line' id='line_1_12' title="bbox 115 1403 719 1482; baseline -0.007 -16"><span class='ocrx_word' id='word_1_106' title='bbox 115 1406 148 1466; x_wconf 86' lang='lat' dir='ltr'><strong>in</strong></span> <span class='ocrx_word' id='word_1_107' title='bbox 162 1405 223 1465; x_wconf 86' lang='lat' dir='ltr'><strong>bac</strong></span> <span class='ocrx_word' id='word_1_108' title='bbox 236 1404 359 1464; x_wconf 86' lang='lat' dir='ltr'><strong>materie</strong></span> <span class='ocrx_word' id='word_1_109' title='bbox 372 1404 476 1463; x_wconf 81' lang='lat' dir='ltr'><strong>artifex</strong></span> <span class='ocrx_word' id='word_1_110' title='bbox 490 1404 554 1482; x_wconf 87' lang='lat' dir='ltr'><strong>ipse</strong></span> <span class='ocrx_word' id='word_1_111' title='bbox 567 1403 719 1482; x_wconf 83' lang='lat' dir='ltr'><strong>Virgilius.</strong></span> 
     </span>
    </p>

    <p class='ocr_par' dir='ltr' id='par_1_3' title="bbox 114 1498 1224 2044">
     <span class='ocr_line' id='line_1_13' title="bbox 157 1498 1222 1580; baseline 0 -20"><span class='ocrx_word' id='word_1_112' title='bbox 157 1499 334 1560; x_wconf 80' lang='lat' dir='ltr'><strong>Priscianus</strong></span> <span class='ocrx_word' id='word_1_113' title='bbox 347 1498 386 1560; x_wconf 91' lang='lat' dir='ltr'><strong>de</strong></span> <span class='ocrx_word' id='word_1_114' title='bbox 399 1499 534 1560; x_wconf 82' lang='lat' dir='ltr'><strong>versibus</strong></span> <span class='ocrx_word' id='word_1_115' title='bbox 549 1499 670 1558; x_wconf 87' lang='lat' dir='ltr'><strong>comicis</strong></span> <span class='ocrx_word' id='word_1_116' title='bbox 686 1509 795 1572; x_wconf 86' lang='lat' dir='ltr'><strong>narrat,</strong></span> <span class='ocrx_word' id='word_1_117' title='bbox 810 1500 920 1560; x_wconf 85' lang='lat' dir='ltr'><strong>‘inisse</strong></span> <span class='ocrx_word' id='word_1_118' title='bbox 934 1499 1092 1579; x_wconf 87' lang='lat' dir='ltr'><strong>quosdam,</strong></span> <span class='ocrx_word' id='word_1_119' title='bbox 1105 1501 1157 1580; x_wconf 90' lang='lat' dir='ltr'><strong>qui</strong></span> <span class='ocrx_word' id='word_1_120' title='bbox 1171 1502 1222 1560; x_wconf 77' lang='lat' dir='ltr'><strong>ab·</strong></span> 
     </span>
     <span class='ocr_line' id='line_1_14' title="bbox 118 1583 1224 1677; baseline 0.003 -21"><span class='ocrx_word' id='word_1_121' title='bbox 118 1605 267 1676; x_wconf 78' lang='lat' dir='ltr'><strong>negarent</strong></span> <span class='ocrx_word' id='word_1_122' title='bbox 280 1595 343 1654; x_wconf 89' lang='lat' dir='ltr'><strong>ulle</strong></span> <span class='ocrx_word' id='word_1_123' title='bbox 356 1613 422 1655; x_wconf 88' lang='lat' dir='ltr'><strong>esse</strong></span> <span class='ocrx_word' id='word_1_124' title='bbox 436 1591 467 1654; x_wconf 92' lang='lat' dir='ltr'><strong>in</strong></span> <span class='ocrx_word' id='word_1_125' title='bbox 481 1583 611 1655; x_wconf 74' lang='lat' dir='ltr'><strong>&#39;ferentii</strong></span> <span class='ocrx_word' id='word_1_126' title='bbox 626 1593 784 1655; x_wconf 86' lang='lat' dir='ltr'><strong>Comoediis</strong></span> <span class='ocrx_word' id='word_1_127' title='bbox 800 1605 913 1655; x_wconf 86' lang='lat' dir='ltr'><strong>metra:</strong></span> <span class='ocrx_word' id='word_1_128' title='bbox 933 1595 980 1655; x_wconf 82' lang='lat' dir='ltr'><strong>rel</strong></span> <span class='ocrx_word' id='word_1_129' title='bbox 1004 1614 1050 1669; x_wconf 88' lang='lat' dir='ltr'><strong>ea,</strong></span> <span class='ocrx_word' id='word_1_130' title='bbox 1071 1599 1157 1677; x_wconf 88' lang='lat' dir='ltr'><strong>quasi</strong></span> <span class='ocrx_word' id='word_1_131' title='bbox 1177 1618 1224 1658; x_wconf 87' lang='lat' dir='ltr'><strong>ar·</strong></span> 
     </span>
     <span class='ocr_line' id='line_1_15' title="bbox 114 1689 1224 1774; baseline 0.002 -21"><span class='ocrx_word' id='word_1_132' title='bbox 114 1708 196 1753; x_wconf 78' lang='lat' dir='ltr'><strong>cana</strong></span> <span class='ocrx_word' id='word_1_133' title='bbox 210 1689 350 1770; x_wconf 79' lang='lat' dir='ltr'><strong>quedam</strong></span> <span class='ocrx_word' id='word_1_134' title='bbox 365 1699 395 1753; x_wconf 93' lang='lat' dir='ltr'><strong>et</strong></span> <span class='ocrx_word' id='word_1_135' title='bbox 408 1692 446 1751; x_wconf 84' lang='lat' dir='ltr'><strong>ab</strong></span> <span class='ocrx_word' id='word_1_136' title='bbox 460 1691 595 1751; x_wconf 89' lang='lat' dir='ltr'><strong>omnibus</strong></span> <span class='ocrx_word' id='word_1_137' title='bbox 608 1689 705 1750; x_wconf 88' lang='lat' dir='ltr'><strong>doctis</strong></span> <span class='ocrx_word' id='word_1_138' title='bbox 721 1699 844 1764; x_wconf 86' lang='lat' dir='ltr'><strong>semota,</strong></span> <span class='ocrx_word' id='word_1_139' title='bbox 866 1691 922 1751; x_wconf 87' lang='lat' dir='ltr'><strong>sibi</strong></span> <span class='ocrx_word' id='word_1_140' title='bbox 936 1693 1009 1752; x_wconf 88' lang='lat' dir='ltr'><strong>solis</strong></span> <span class='ocrx_word' id='word_1_141' title='bbox 1022 1712 1089 1752; x_wconf 87' lang='lat' dir='ltr'><strong>esse</strong></span> <span class='ocrx_word' id='word_1_142' title='bbox 1103 1695 1224 1774; x_wconf 85' lang='lat' dir='ltr'><strong>cognita</strong></span> 
     </span>
     <span class='ocr_line' id='line_1_16' title="bbox 117 1783 1224 1872; baseline 0.005 -27"><span class='ocrx_word' id='word_1_143' title='bbox 117 1787 350 1846; x_wconf 69' lang='lat' dir='ltr'><strong>confirmarent!</strong></span> <span class='ocrx_word' id='word_1_144' title='bbox 390 1783 502 1843; x_wconf 88' lang='lat' dir='ltr'><strong>Ibidem</strong></span> <span class='ocrx_word' id='word_1_145' title='bbox 518 1786 569 1857; x_wconf 87' lang='lat' dir='ltr'><strong>ait,</strong></span> <span class='ocrx_word' id='word_1_146' title='bbox 595 1784 730 1845; x_wconf 87' lang='lat' dir='ltr'><strong>‘Omnes</strong></span> <span class='ocrx_word' id='word_1_147' title='bbox 745 1785 863 1864; x_wconf 87' lang='lat' dir='ltr'><strong>quidem</strong></span> <span class='ocrx_word' id='word_1_148' title='bbox 879 1787 1017 1847; x_wconf 87' lang='lat' dir='ltr'><strong>Comicus</strong></span> <span class='ocrx_word' id='word_1_149' title='bbox 1030 1790 1139 1850; x_wconf 87' lang='lat' dir='ltr'><strong>crebris</strong></span> <span class='ocrx_word' id='word_1_150' title='bbox 1154 1811 1224 1872; x_wconf 81' lang='lat' dir='ltr'><strong>syn·</strong></span> 
     </span>
     <span class='ocr_line' id='line_1_17' title="bbox 116 1877 1223 1963; baseline 0.008 -22"><span class='ocrx_word' id='word_1_151' title='bbox 116 1879 244 1960; x_wconf 88' lang='lat' dir='ltr'><strong>aloephis</strong></span> <span class='ocrx_word' id='word_1_152' title='bbox 260 1890 290 1939; x_wconf 85' lang='lat' dir='ltr'><strong>et</strong></span> <span class='ocrx_word' id='word_1_153' title='bbox 303 1877 532 1958; x_wconf 86' lang='lat' dir='ltr'><strong>episynaloephis</strong></span> <span class='ocrx_word' id='word_1_154' title='bbox 548 1890 579 1940; x_wconf 91' lang='lat' dir='ltr'><strong>et</strong></span> <span class='ocrx_word' id='word_1_155' title='bbox 604 1881 806 1942; x_wconf 83' lang='lat' dir='ltr'><strong>collisionibus</strong></span> <span class='ocrx_word' id='word_1_156' title='bbox 821 1892 852 1941; x_wconf 92' lang='lat' dir='ltr'><strong>et</strong></span> <span class='ocrx_word' id='word_1_157' title='bbox 865 1882 1079 1963; x_wconf 88' lang='lat' dir='ltr'><strong>abjectionibus</strong></span> <span class='ocrx_word' id='word_1_158' title='bbox 1094 1888 1115 1946; x_wconf 89' lang='lat' dir='ltr'>S</span> <span class='ocrx_word' id='word_1_159' title='bbox 1131 1888 1223 1949; x_wconf 76' lang='lat' dir='ltr'><strong>literae</strong></span> 
     </span>
     <span class='ocr_line' id='line_1_18' title="bbox 116 1974 1223 2044; baseline 0.005 -7"><span class='ocrx_word' id='word_1_160' title='bbox 116 1977 212 2037; x_wconf 80' lang='lat' dir='ltr'><strong>luisse</strong></span> <span class='ocrx_word' id='word_1_161' title='bbox 238 1995 310 2035; x_wconf 87' lang='lat' dir='ltr'><strong>usos</strong></span> <span class='ocrx_word' id='word_1_162' title='bbox 333 1974 507 2035; x_wconf 87' lang='lat' dir='ltr'><strong>scandendo</strong></span> <span class='ocrx_word' id='word_1_163' title='bbox 531 1992 633 2035; x_wconf 84' lang='lat' dir='ltr'><strong>versus</strong></span> <span class='ocrx_word' id='word_1_164' title='bbox 658 1995 746 2042; x_wconf 79' lang='lat' dir='ltr'><strong>suos3</strong></span> <span class='ocrx_word' id='word_1_165' title='bbox 768 1976 974 2037; x_wconf 79' lang='lat' dir='ltr'><strong>Tunnsrrurr</strong></span> <span class='ocrx_word' id='word_1_166' title='bbox 1003 1999 1117 2040; x_wconf 79' lang='lat' dir='ltr'><strong>aureas</strong></span> <span class='ocrx_word' id='word_1_167' title='bbox 1141 2000 1223 2044; x_wconf 82' lang='lat' dir='ltr'><strong>nnus</strong></span> 
     </span>
    </p>

    <p class='ocr_par' dir='ltr' id='par_1_4' title="bbox 96 2068 1223 2155">
     <span class='ocr_line' id='line_1_19' title="bbox 96 2068 1223 2155; baseline 0.004 -24"><span class='ocrx_word' id='word_1_168' title='bbox 96 2068 297 2131; x_wconf 66' lang='lat' dir='ltr'><strong>&#39;emersus&#39;</strong></span> <span class='ocrx_word' id='word_1_169' title='bbox 336 2070 446 2130; x_wconf 88' lang='lat' dir='ltr'><strong>Verum</strong></span> <span class='ocrx_word' id='word_1_170' title='bbox 460 2071 592 2150; x_wconf 85' lang='lat' dir='ltr'><strong>prosectu</strong></span> <span class='ocrx_word' id='word_1_171' title='bbox 605 2068 662 2129; x_wconf 89' lang='lat' dir='ltr'><strong>hoc</strong></span> <span class='ocrx_word' id='word_1_172' title='bbox 676 2078 743 2137; x_wconf 83' lang='lat' dir='ltr'><strong>estr</strong></span> <span class='ocrx_word' id='word_1_173' title='bbox 763 2080 793 2129; x_wconf 91' lang='lat' dir='ltr'><strong>et</strong></span> <span class='ocrx_word' id='word_1_174' title='bbox 807 2090 899 2130; x_wconf 86' lang='lat' dir='ltr'><strong>causa</strong></span> <span class='ocrx_word' id='word_1_175' title='bbox 920 2075 1017 2145; x_wconf 90' lang='lat' dir='ltr'><strong>unica,</strong></span> <span class='ocrx_word' id='word_1_176' title='bbox 1037 2093 1091 2134; x_wconf 90' lang='lat' dir='ltr'><strong>cur</strong></span> <span class='ocrx_word' id='word_1_177' title='bbox 1112 2077 1223 2155; x_wconf 88' lang='lat' dir='ltr'><strong>magis·</strong></span> 
     </span>
    </p>

    <p class='ocr_par' dir='ltr' id='par_1_5' title="bbox 116 2164 1224 3488">
     <span class='ocr_line' id='line_1_20' title="bbox 116 2164 1224 2246; baseline 0.004 -17"><span class='ocrx_word' id='word_1_178' title='bbox 116 2166 181 2229; x_wconf 84' lang='lat' dir='ltr'><strong>telli</strong></span> <span class='ocrx_word' id='word_1_179' title='bbox 210 2165 261 2225; x_wconf 86' lang='lat' dir='ltr'><strong>isti</strong></span> <span class='ocrx_word' id='word_1_180' title='bbox 285 2164 333 2224; x_wconf 83' lang='lat' dir='ltr'><strong>vel</strong></span> <span class='ocrx_word' id='word_1_181' title='bbox 358 2176 503 2245; x_wconf 87' lang='lat' dir='ltr'><strong>negarent</strong></span> <span class='ocrx_word' id='word_1_182' title='bbox 525 2175 618 2227; x_wconf 89' lang='lat' dir='ltr'><strong>metra</strong></span> <span class='ocrx_word' id='word_1_183' title='bbox 640 2185 706 2226; x_wconf 89' lang='lat' dir='ltr'><strong>esse</strong></span> <span class='ocrx_word' id='word_1_184' title='bbox 729 2165 809 2246; x_wconf 88' lang='lat' dir='ltr'><strong>apud</strong></span> <span class='ocrx_word' id='word_1_185' title='bbox 832 2167 985 2241; x_wconf 88' lang='lat' dir='ltr'><strong>Nostrum,</strong></span> <span class='ocrx_word' id='word_1_186' title='bbox 1008 2169 1053 2229; x_wconf 87' lang='lat' dir='ltr'><strong>vel</strong></span> <span class='ocrx_word' id='word_1_187' title='bbox 1069 2180 1101 2229; x_wconf 88' lang='lat' dir='ltr'><strong>ut</strong></span> <span class='ocrx_word' id='word_1_188' title='bbox 1115 2188 1224 2234; x_wconf 87' lang='lat' dir='ltr'><strong>arcana</strong></span> 
     </span>
     <span class='ocr_line' id='line_1_21' title="bbox 119 2261 1224 2348; baseline 0.007 -27"><span class='ocrx_word' id='word_1_189' title='bbox 119 2261 261 2343; x_wconf 80' lang='lat' dir='ltr'><strong>quaedam</strong></span> <span class='ocrx_word' id='word_1_190' title='bbox 281 2261 478 2322; x_wconf 83' lang='lat' dir='ltr'><strong>venditarent.</strong></span> <span class='ocrx_word' id='word_1_191' title='bbox 521 2263 610 2331; x_wconf 87' lang='lat' dir='ltr'><strong>Quod</strong></span> <span class='ocrx_word' id='word_1_192' title='bbox 624 2282 694 2324; x_wconf 83' lang='lat' dir='ltr'><strong>vero</strong></span> <span class='ocrx_word' id='word_1_193' title='bbox 707 2262 756 2323; x_wconf 90' lang='lat' dir='ltr'><strong>hic</strong></span> <span class='ocrx_word' id='word_1_194' title='bbox 771 2264 901 2342; x_wconf 88' lang='lat' dir='ltr'><strong>queritur</strong></span> <span class='ocrx_word' id='word_1_195' title='bbox 915 2274 946 2325; x_wconf 88' lang='lat' dir='ltr'><strong>et</strong></span> <span class='ocrx_word' id='word_1_196' title='bbox 959 2265 1127 2327; x_wconf 86' lang='lat' dir='ltr'><strong>criminatur</strong></span> <span class='ocrx_word' id='word_1_197' title='bbox 1140 2288 1224 2348; x_wconf 87' lang='lat' dir='ltr'><strong>mag·</strong></span> 
     </span>
     <span class='ocr_line' id='line_1_22' title="bbox 119 2357 1222 2445; baseline 0.006 -28"><span class='ocrx_word' id='word_1_198' title='bbox 119 2377 175 2420; x_wconf 91' lang='lat' dir='ltr'><strong>nns</strong></span> <span class='ocrx_word' id='word_1_199' title='bbox 191 2357 414 2437; x_wconf 84' lang='lat' dir='ltr'><strong>grammaticus,</strong></span> <span class='ocrx_word' id='word_1_200' title='bbox 435 2376 495 2417; x_wconf 86' lang='lat' dir='ltr'><strong>non</strong></span> <span class='ocrx_word' id='word_1_201' title='bbox 519 2357 620 2417; x_wconf 83' lang='lat' dir='ltr'><strong>vitium</strong></span> <span class='ocrx_word' id='word_1_202' title='bbox 644 2369 700 2431; x_wconf 89' lang='lat' dir='ltr'><strong>est,</strong></span> <span class='ocrx_word' id='word_1_203' title='bbox 722 2357 775 2418; x_wconf 88' lang='lat' dir='ltr'><strong>ssd</strong></span> <span class='ocrx_word' id='word_1_204' title='bbox 790 2358 883 2419; x_wconf 88' lang='lat' dir='ltr'><strong>virtus</strong></span> <span class='ocrx_word' id='word_1_205' title='bbox 894 2358 1023 2421; x_wconf 85' lang='lat' dir='ltr'><strong>Terentii</strong></span> <span class='ocrx_word' id='word_1_206' title='bbox 1037 2363 1150 2443; x_wconf 84' lang='lat' dir='ltr'><strong>prima:</strong></span> <span class='ocrx_word' id='word_1_207' title='bbox 1171 2367 1222 2445; x_wconf 93' lang='lat' dir='ltr'><strong>qui</strong></span> 
     </span>
     <span class='ocr_line' id='line_1_23' title="bbox 120 2450 1222 2536; baseline 0.007 -26"><span class='ocrx_word' id='word_1_208' title='bbox 120 2450 312 2533; x_wconf 77' lang='lat' dir='ltr'><strong>synaloephas</strong></span> <span class='ocrx_word' id='word_1_209' title='bbox 326 2450 392 2512; x_wconf 89' lang='lat' dir='ltr'><strong>illas</strong></span> <span class='ocrx_word' id='word_1_210' title='bbox 407 2451 478 2512; x_wconf 88' lang='lat' dir='ltr'><strong>data</strong></span> <span class='ocrx_word' id='word_1_211' title='bbox 493 2471 583 2533; x_wconf 91' lang='lat' dir='ltr'><strong>opera</strong></span> <span class='ocrx_word' id='word_1_212' title='bbox 597 2462 786 2513; x_wconf 88' lang='lat' dir='ltr'><strong>consectatus</strong></span> <span class='ocrx_word' id='word_1_213' title='bbox 802 2463 868 2523; x_wconf 89' lang='lat' dir='ltr'><strong>est;</strong></span> <span class='ocrx_word' id='word_1_214' title='bbox 889 2475 948 2535; x_wconf 93' lang='lat' dir='ltr'><strong>quo</strong></span> <span class='ocrx_word' id='word_1_215' title='bbox 964 2455 1087 2536; x_wconf 79' lang='lat' dir='ltr'><strong>syllabas</strong></span> <span class='ocrx_word' id='word_1_216' title='bbox 1108 2457 1222 2518; x_wconf 75' lang='lat' dir='ltr'><strong>ultimae</strong></span> 
     </span>
     <span class='ocr_line' id='line_1_24' title="bbox 120 2546 1223 2631; baseline 0.005 -23"><span class='ocrx_word' id='word_1_217' title='bbox 120 2546 317 2628; x_wconf 84' lang='lat' dir='ltr'><strong>liquescerent</strong></span> <span class='ocrx_word' id='word_1_218' title='bbox 330 2550 589 2629; x_wconf 79' lang='lat' dir='ltr'><strong>coalescerentque</strong></span> <span class='ocrx_word' id='word_1_219' title='bbox 603 2571 671 2611; x_wconf 90' lang='lat' dir='ltr'><strong>cum</strong></span> <span class='ocrx_word' id='word_1_220' title='bbox 690 2550 900 2630; x_wconf 74' lang='lat' dir='ltr'><strong>sequentibus:</strong></span> <span class='ocrx_word' id='word_1_221' title='bbox 926 2572 1020 2631; x_wconf 87' lang='lat' dir='ltr'><strong>eoque</strong></span> <span class='ocrx_word' id='word_1_222' title='bbox 1035 2550 1115 2614; x_wconf 87' lang='lat' dir='ltr'><strong>vetiti</strong></span> <span class='ocrx_word' id='word_1_223' title='bbox 1130 2573 1165 2614; x_wconf 86' lang='lat' dir='ltr'><strong>ac</strong></span> <span class='ocrx_word' id='word_1_224' title='bbox 1180 2555 1223 2614; x_wconf 90' lang='lat' dir='ltr'><strong>vi·</strong></span> 
     </span>
     <span class='ocr_line' id='line_1_25' title="bbox 119 2642 1221 2730; baseline 0.007 -28"><span class='ocrx_word' id='word_1_225' title='bbox 119 2643 185 2702; x_wconf 89' lang='lat' dir='ltr'><strong>tiosi</strong></span> <span class='ocrx_word' id='word_1_226' title='bbox 200 2643 231 2701; x_wconf 93' lang='lat' dir='ltr'><strong>in</strong></span> <span class='ocrx_word' id='word_1_227' title='bbox 248 2642 357 2704; x_wconf 89' lang='lat' dir='ltr'><strong>ultimis</strong></span> <span class='ocrx_word' id='word_1_228' title='bbox 371 2645 448 2707; x_wconf 89' lang='lat' dir='ltr'><strong>ictus</strong></span> <span class='ocrx_word' id='word_1_229' title='bbox 463 2643 618 2705; x_wconf 88' lang='lat' dir='ltr'><strong>artificiose</strong></span> <span class='ocrx_word' id='word_1_230' title='bbox 632 2643 842 2725; x_wconf 82' lang='lat' dir='ltr'><strong>effugarentur.</strong></span> <span class='ocrx_word' id='word_1_231' title='bbox 874 2646 932 2707; x_wconf 84' lang='lat' dir='ltr'><strong>Hae</strong></span> <span class='ocrx_word' id='word_1_232' title='bbox 945 2669 1014 2708; x_wconf 86' lang='lat' dir='ltr'><strong>vero</strong></span> <span class='ocrx_word' id='word_1_233' title='bbox 1029 2649 1221 2730; x_wconf 81' lang='lat' dir='ltr'><strong>synaloepboe,</strong></span> 
     </span>
     <span class='ocr_line' id='line_1_26' title="bbox 123 2739 1222 2822; baseline 0.006 -24"><span class='ocrx_word' id='word_1_234' title='bbox 123 2756 188 2816; x_wconf 84' lang='lat' dir='ltr'><strong>quse</strong></span> <span class='ocrx_word' id='word_1_235' title='bbox 202 2742 342 2800; x_wconf 88' lang='lat' dir='ltr'><strong>tenebras</strong></span> <span class='ocrx_word' id='word_1_236' title='bbox 361 2739 430 2800; x_wconf 90' lang='lat' dir='ltr'><strong>olim</strong></span> <span class='ocrx_word' id='word_1_237' title='bbox 453 2741 602 2820; x_wconf 84' lang='lat' dir='ltr'><strong>magistris</strong></span> <span class='ocrx_word' id='word_1_238' title='bbox 625 2741 804 2815; x_wconf 82' lang='lat' dir='ltr'><strong>offuderunt,</strong></span> <span class='ocrx_word' id='word_1_239' title='bbox 821 2743 883 2822; x_wconf 88' lang='lat' dir='ltr'><strong>jam</strong></span> <span class='ocrx_word' id='word_1_240' title='bbox 908 2744 938 2803; x_wconf 90' lang='lat' dir='ltr'><strong>in</strong></span> <span class='ocrx_word' id='word_1_241' title='bbox 959 2754 1062 2804; x_wconf 89' lang='lat' dir='ltr'><strong>nostra</strong></span> <span class='ocrx_word' id='word_1_242' title='bbox 1083 2745 1222 2819; x_wconf 83' lang='lat' dir='ltr'><strong>editione,</strong></span> 
     </span>
     <span class='ocr_line' id='line_1_27' title="bbox 122 2829 1220 2919; baseline 0.005 -25"><span class='ocrx_word' id='word_1_243' title='bbox 122 2835 344 2911; x_wconf 78' lang='lat' dir='ltr'><strong>percussionum</strong></span> <span class='ocrx_word' id='word_1_244' title='bbox 357 2835 520 2897; x_wconf 88' lang='lat' dir='ltr'><strong>intervallis</strong></span> <span class='ocrx_word' id='word_1_245' title='bbox 535 2836 688 2912; x_wconf 87' lang='lat' dir='ltr'><strong>distincta,</strong></span> <span class='ocrx_word' id='word_1_246' title='bbox 708 2859 745 2898; x_wconf 92' lang='lat' dir='ltr'><strong>ne</strong></span> <span class='ocrx_word' id='word_1_247' title='bbox 764 2837 862 2918; x_wconf 84' lang='lat' dir='ltr'><strong>pueris</strong></span> <span class='ocrx_word' id='word_1_248' title='bbox 876 2839 995 2919; x_wconf 88' lang='lat' dir='ltr'><strong>quidem</strong></span> <span class='ocrx_word' id='word_1_249' title='bbox 1011 2829 1163 2919; x_wconf 86' lang='lat' dir='ltr'><strong>negotium</strong></span> <span class='ocrx_word' id='word_1_250' title='bbox 1177 2842 1220 2900; x_wconf 87' lang='lat' dir='ltr'><strong>ia-</strong></span> 
     </span>
     <span class='ocr_line' id='line_1_28' title="bbox 124 2941 252 2989; baseline 0.008 -1"><span class='ocrx_word' id='word_1_251' title='bbox 124 2941 252 2989; x_wconf 85' lang='lat' dir='ltr'><strong>cessent.</strong></span> 
     </span>
     <span class='ocr_line' id='line_1_29' title="bbox 116 3019 1221 3111; baseline 0.006 -28"><span class='ocrx_word' id='word_1_252' title='bbox 116 3019 117 3022; x_wconf 59' lang='grc'>’</span> <span class='ocrx_word' id='word_1_253' title='bbox 159 3025 271 3086; x_wconf 89' lang='lat' dir='ltr'><strong>Totum</strong></span> <span class='ocrx_word' id='word_1_254' title='bbox 285 3036 383 3086; x_wconf 89' lang='lat' dir='ltr'><strong>antem</strong></span> <span class='ocrx_word' id='word_1_255' title='bbox 393 3026 461 3098; x_wconf 87' lang='lat' dir='ltr'><strong>hoe,</strong></span> <span class='ocrx_word' id='word_1_256' title='bbox 473 3028 553 3107; x_wconf 93' lang='lat' dir='ltr'><strong>quod</strong></span> <span class='ocrx_word' id='word_1_257' title='bbox 567 3029 605 3088; x_wconf 91' lang='lat' dir='ltr'><strong>de</strong></span> <span class='ocrx_word' id='word_1_258' title='bbox 619 3028 680 3089; x_wconf 89' lang='lat' dir='ltr'><strong>ictu</strong></span> <span class='ocrx_word' id='word_1_259' title='bbox 694 3029 724 3088; x_wconf 95' lang='lat' dir='ltr'><strong>in</strong></span> <span class='ocrx_word' id='word_1_260' title='bbox 735 3030 847 3092; x_wconf 89' lang='lat' dir='ltr'><strong>ultimis</strong></span> <span class='ocrx_word' id='word_1_261' title='bbox 859 3029 980 3111; x_wconf 86' lang='lat' dir='ltr'><strong>syllabis</strong></span> <span class='ocrx_word' id='word_1_262' title='bbox 995 3040 1114 3089; x_wconf 87' lang='lat' dir='ltr'><strong>cautum</strong></span> <span class='ocrx_word' id='word_1_263' title='bbox 1128 3030 1221 3090; x_wconf 81' lang='lat' dir='ltr'><strong>luisse</strong></span> 
     </span>
     <span class='ocr_line' id='line_1_30' title="bbox 123 3119 1220 3203; baseline 0.005 -25"><span class='ocrx_word' id='word_1_264' title='bbox 123 3119 260 3191; x_wconf 87' lang='lat' dir='ltr'><strong>diximus,</strong></span> <span class='ocrx_word' id='word_1_265' title='bbox 282 3120 320 3180; x_wconf 92' lang='lat' dir='ltr'><strong>de</strong></span> <span class='ocrx_word' id='word_1_266' title='bbox 344 3122 477 3182; x_wconf 84' lang='lat' dir='ltr'><strong>secunde</strong></span> <span class='ocrx_word' id='word_1_267' title='bbox 497 3134 613 3183; x_wconf 88' lang='lat' dir='ltr'><strong>tantum</strong></span> <span class='ocrx_word' id='word_1_268' title='bbox 627 3125 749 3184; x_wconf 90' lang='lat' dir='ltr'><strong>trimetri</strong></span> <span class='ocrx_word' id='word_1_269' title='bbox 764 3125 878 3202; x_wconf 75' lang='grc' dir='ltr'>διποδίᾳ</span> <span class='ocrx_word' id='word_1_270' title='bbox 891 3123 1087 3203; x_wconf 74' lang='lat' dir='ltr'><strong>capiendumr</strong></span> <span class='ocrx_word' id='word_1_271' title='bbox 1109 3126 1220 3183; x_wconf 89' lang='lat' dir='ltr'><strong>namin</strong></span> 
     </span>
     <span class='ocr_line' id='line_1_31' title="bbox 121 3217 1220 3297; baseline 0.007 -23"><span class='ocrx_word' id='word_1_272' title='bbox 121 3217 214 3291; x_wconf 89' lang='lat' dir='ltr'><strong>prima</strong></span> <span class='ocrx_word' id='word_1_273' title='bbox 229 3226 260 3275; x_wconf 90' lang='lat' dir='ltr'><strong>et</strong></span> <span class='ocrx_word' id='word_1_274' title='bbox 273 3217 361 3276; x_wconf 88' lang='lat' dir='ltr'><strong>tertia</strong></span> <span class='ocrx_word' id='word_1_275' title='bbox 374 3237 489 3297; x_wconf 89' lang='lat' dir='ltr'><strong>semper</strong></span> <span class='ocrx_word' id='word_1_276' title='bbox 503 3218 606 3285; x_wconf 79' lang='lat' dir='ltr'><strong>licuitr</strong></span> <span class='ocrx_word' id='word_1_277' title='bbox 629 3219 774 3296; x_wconf 89' lang='lat' dir='ltr'><strong>siquidem</strong></span> <span class='ocrx_word' id='word_1_278' title='bbox 794 3221 853 3279; x_wconf 91' lang='lat' dir='ltr'><strong>ista</strong></span> <span class='ocrx_word' id='word_1_279' title='bbox 873 3222 936 3280; x_wconf 90' lang='lat' dir='ltr'><strong>sine</strong></span> <span class='ocrx_word' id='word_1_280' title='bbox 951 3219 1038 3280; x_wconf 87' lang='lat' dir='ltr'><strong>venia</strong></span> <span class='ocrx_word' id='word_1_281' title='bbox 1052 3220 1220 3282; x_wconf 85' lang='lat' dir='ltr'><strong>conclama·</strong></span> 
     </span>
     <span class='ocr_line' id='line_1_32' title="bbox 119 3313 1221 3398; baseline 0.008 -30"><span class='ocrx_word' id='word_1_282' title='bbox 119 3320 179 3370; x_wconf 89' lang='lat' dir='ltr'><strong>turn</strong></span> <span class='ocrx_word' id='word_1_283' title='bbox 195 3321 356 3390; x_wconf 86' lang='lat' dir='ltr'><strong>actumque</strong></span> <span class='ocrx_word' id='word_1_284' title='bbox 370 3322 434 3371; x_wconf 91' lang='lat' dir='ltr'><strong>erat</strong></span> <span class='ocrx_word' id='word_1_285' title='bbox 447 3313 485 3372; x_wconf 92' lang='lat' dir='ltr'><strong>de</strong></span> <span class='ocrx_word' id='word_1_286' title='bbox 495 3313 648 3375; x_wconf 83' lang='lat' dir='ltr'><strong>Comoedia</strong></span> <span class='ocrx_word' id='word_1_287' title='bbox 661 3314 876 3395; x_wconf 87' lang='lat' dir='ltr'><strong>Tragoediaque</strong></span> <span class='ocrx_word' id='word_1_288' title='bbox 892 3317 1007 3377; x_wconf 87' lang='lat' dir='ltr'><strong>Latina.</strong></span> <span class='ocrx_word' id='word_1_289' title='bbox 1048 3316 1124 3379; x_wconf 88' lang='lat' dir='ltr'><strong>Cum</strong></span> <span class='ocrx_word' id='word_1_290' title='bbox 1133 3316 1221 3398; x_wconf 87' lang='lat' dir='ltr'><strong>igitur</strong></span> 
     </span>
     <span class='ocr_line' id='line_1_33' title="bbox 117 3402 911 3488; baseline 0.01 -24"><span class='ocrx_word' id='word_1_291' title='bbox 117 3402 196 3468; x_wconf 89' lang='lat' dir='ltr'><strong>bunc</strong></span> <span class='ocrx_word' id='word_1_292' title='bbox 213 3427 333 3466; x_wconf 88' lang='lat' dir='ltr'><strong>versum</strong></span> <span class='ocrx_word' id='word_1_293' title='bbox 348 3408 517 3487; x_wconf 90' lang='lat' dir='ltr'><strong>similesque</strong></span> <span class='ocrx_word' id='word_1_294' title='bbox 531 3410 611 3488; x_wconf 89' lang='lat' dir='ltr'><strong>apud</strong></span> <span class='ocrx_word' id='word_1_295' title='bbox 627 3409 768 3470; x_wconf 89' lang='lat' dir='ltr'><strong>Nostrum</strong></span> <span class='ocrx_word' id='word_1_296' title='bbox 784 3410 911 3472; x_wconf 84' lang='lat' dir='ltr'><strong>videris:</strong></span> 
     </span>
    </p>
   </div>
   <div class='ocr_carea' id='block_1_3' title="bbox 240 3552 972 3639">
    <p class='ocr_par' dir='ltr' id='par_1_6' title="bbox 240 3552 972 3639">
     <span class='ocr_line' id='line_1_34' title="bbox 240 3552 972 3639; baseline 0.007 -23"><span class='ocrx_word' id='word_1_297' title='bbox 240 3557 355 3618; x_wconf 86' lang='lat' dir='ltr'><strong>Mallrrn</strong></span> <span class='ocrx_word' id='word_1_298' title='bbox 370 3559 451 3638; x_wconf 90' lang='lat' dir='ltr'><strong>quod</strong></span> <span class='ocrx_word' id='word_1_299' title='bbox 465 3560 513 3620; x_wconf 92' lang='lat' dir='ltr'><strong>isti</strong></span> <span class='ocrx_word' id='word_1_300' title='bbox 529 3561 568 3619; x_wconf 92' lang='lat' dir='ltr'><strong>Di</strong></span> <span class='ocrx_word' id='word_1_301' title='bbox 583 3559 716 3639; x_wconf 83' lang='lat' dir='ltr'><strong>Deaeque</strong></span> <span class='ocrx_word' id='word_1_302' title='bbox 728 3557 831 3620; x_wconf 73' lang='lat' dir='ltr'><strong>omnes</strong></span> <span class='ocrx_word' id='word_1_303' title='bbox 846 3560 952 3620; x_wconf 88' lang='lat' dir='ltr'><strong>duint:</strong></span> <span class='ocrx_word' id='word_1_304' title='bbox 970 3552 972 3560; x_wconf 56' lang='lat'><em>&#39;</em></span> 
     </span>
    </p>
   </div>
   <div class='ocr_carea' id='block_1_4' title="bbox 108 3709 1219 4082">
    <p class='ocr_par' dir='ltr' id='par_1_7' title="bbox 108 3709 1219 4082">
     <span class='ocr_line' id='line_1_35' title="bbox 110 3709 1219 3791; baseline -0.001 -20"><span class='ocrx_word' id='word_1_305' title='bbox 110 3729 189 3771; x_wconf 87' lang='lat' dir='ltr'><strong>cave</strong></span> <span class='ocrx_word' id='word_1_306' title='bbox 205 3709 279 3769; x_wconf 82' lang='lat' dir='ltr'><strong>vitio</strong></span> <span class='ocrx_word' id='word_1_307' title='bbox 302 3709 334 3768; x_wconf 87' lang='lat' dir='ltr'><strong>id</strong></span> <span class='ocrx_word' id='word_1_308' title='bbox 357 3712 454 3791; x_wconf 78' lang='lat' dir='ltr'><strong>poiitae</strong></span> <span class='ocrx_word' id='word_1_309' title='bbox 479 3713 621 3780; x_wconf 72' lang='lat' dir='ltr'><strong>verterisr</strong></span> <span class='ocrx_word' id='word_1_310' title='bbox 644 3713 720 3784; x_wconf 78' lang='lat' dir='ltr'><strong>etsi,</strong></span> <span class='ocrx_word' id='word_1_311' title='bbox 735 3711 861 3786; x_wconf 79' lang='lat' dir='ltr'><strong>Mallum,</strong></span> <span class='ocrx_word' id='word_1_312' title='bbox 879 3713 953 3773; x_wconf 90' lang='lat' dir='ltr'><strong>illud</strong></span> <span class='ocrx_word' id='word_1_313' title='bbox 968 3724 1009 3788; x_wconf 90' lang='lat' dir='ltr'><strong>et,</strong></span> <span class='ocrx_word' id='word_1_314' title='bbox 1023 3713 1136 3784; x_wconf 75' lang='lat' dir='ltr'><strong>omnes,</strong></span> <span class='ocrx_word' id='word_1_315' title='bbox 1150 3713 1174 3771; x_wconf 90' lang='lat' dir='ltr'><strong>si</strong></span> <span class='ocrx_word' id='word_1_316' title='bbox 1189 3713 1219 3770; x_wconf 93' lang='lat' dir='ltr'><strong>in</strong></span> 
     </span>
     <span class='ocr_line' id='line_1_36' title="bbox 108 3804 1218 3883; baseline -0.001 -17"><span class='ocrx_word' id='word_1_317' title='bbox 108 3804 270 3866; x_wconf 82' lang='lat' dir='ltr'><strong>communi</strong></span> <span class='ocrx_word' id='word_1_318' title='bbox 292 3804 358 3883; x_wconf 92' lang='lat' dir='ltr'><strong>quis</strong></span> <span class='ocrx_word' id='word_1_319' title='bbox 373 3825 507 3866; x_wconf 89' lang='lat' dir='ltr'><strong>sermone</strong></span> <span class='ocrx_word' id='word_1_320' title='bbox 522 3807 564 3866; x_wconf 89' lang='lat' dir='ltr'><strong>sic</strong></span> <span class='ocrx_word' id='word_1_321' title='bbox 580 3808 719 3879; x_wconf 88' lang='lat' dir='ltr'><strong>acuisset,</strong></span> <span class='ocrx_word' id='word_1_322' title='bbox 742 3807 904 3869; x_wconf 90' lang='lat' dir='ltr'><strong>deridiculo</strong></span> <span class='ocrx_word' id='word_1_323' title='bbox 918 3809 1034 3870; x_wconf 80' lang='lat' dir='ltr'><strong>fuisset.</strong></span> <span class='ocrx_word' id='word_1_324' title='bbox 1075 3806 1218 3866; x_wconf 87' lang='lat' dir='ltr'><strong>Nimirum</strong></span> 
     </span>
     <span class='ocr_line' id='line_1_37' title="bbox 109 3898 1218 3984; baseline -0.003 -24"><span class='ocrx_word' id='word_1_325' title='bbox 109 3920 203 3961; x_wconf 86' lang='lat' dir='ltr'><strong>aures</strong></span> <span class='ocrx_word' id='word_1_326' title='bbox 219 3898 268 3958; x_wconf 93' lang='lat' dir='ltr'><strong>vel</strong></span> <span class='ocrx_word' id='word_1_327' title='bbox 283 3899 382 3958; x_wconf 82' lang='lat' dir='ltr'><strong>invitae</strong></span> <span class='ocrx_word' id='word_1_328' title='bbox 401 3902 545 3979; x_wconf 87' lang='lat' dir='ltr'><strong>patienter</strong></span> <span class='ocrx_word' id='word_1_329' title='bbox 566 3901 596 3961; x_wconf 91' lang='lat' dir='ltr'><strong>id</strong></span> <span class='ocrx_word' id='word_1_330' title='bbox 617 3902 761 3976; x_wconf 88' lang='lat' dir='ltr'><strong>ferebant,</strong></span> <span class='ocrx_word' id='word_1_331' title='bbox 783 3904 844 3964; x_wconf 88' lang='lat' dir='ltr'><strong>sine</strong></span> <span class='ocrx_word' id='word_1_332' title='bbox 859 3924 917 3984; x_wconf 91' lang='lat' dir='ltr'><strong>quo</strong></span> <span class='ocrx_word' id='word_1_333' title='bbox 931 3924 970 3964; x_wconf 87' lang='lat' dir='ltr'><strong>ne</strong></span> <span class='ocrx_word' id='word_1_334' title='bbox 982 3924 1042 3963; x_wconf 89' lang='lat' dir='ltr'><strong>una</strong></span> <span class='ocrx_word' id='word_1_335' title='bbox 1055 3901 1173 3980; x_wconf 90' lang='lat' dir='ltr'><strong>quidem</strong></span> <span class='ocrx_word' id='word_1_336' title='bbox 1187 3901 1218 3958; x_wconf 92' lang='lat' dir='ltr'><strong>in</strong></span> 
     </span>
     <span class='ocr_line' id='line_1_38' title="bbox 111 3994 1218 4082; baseline 0.002 -28"><span class='ocrx_word' id='word_1_337' title='bbox 111 3995 234 4055; x_wconf 87' lang='lat' dir='ltr'><strong>Fabula</strong></span> <span class='ocrx_word' id='word_1_338' title='bbox 259 4014 349 4082; x_wconf 81' lang='lat' dir='ltr'><strong>scena</strong></span> <span class='ocrx_word' id='word_1_339' title='bbox 371 4007 488 4076; x_wconf 90' lang='lat' dir='ltr'><strong>poterat</strong></span> <span class='ocrx_word' id='word_1_340' title='bbox 508 3997 629 4057; x_wconf 87' lang='lat' dir='ltr'><strong>edolari.</strong></span> <span class='ocrx_word' id='word_1_341' title='bbox 674 3997 753 4066; x_wconf 90' lang='lat' dir='ltr'><strong>Quin</strong></span> <span class='ocrx_word' id='word_1_342' title='bbox 775 4009 805 4058; x_wconf 90' lang='lat' dir='ltr'><strong>et</strong></span> <span class='ocrx_word' id='word_1_343' title='bbox 822 3998 949 4059; x_wconf 33' lang='lat' dir='ltr'><strong>,Graecos</strong></span> <span class='ocrx_word' id='word_1_344' title='bbox 962 4001 1042 4078; x_wconf 90' lang='lat' dir='ltr'><strong>ipsos</strong></span> <span class='ocrx_word' id='word_1_345' title='bbox 1057 3994 1160 4055; x_wconf 89' lang='lat' dir='ltr'><strong>eadem</strong></span> <span class='ocrx_word' id='word_1_346' title='bbox 1174 4006 1218 4056; x_wconf 92' lang='lat' dir='ltr'><strong>te-</strong></span> 
     </span>
    </p>
   </div>
   <div class='ocr_carea' id='block_1_5' title="bbox 110 4086 1217 4257">
    <p class='ocr_par' dir='ltr' id='par_1_8' title="bbox 110 4086 1217 4257">
     <span class='ocr_line' id='line_1_39' title="bbox 110 4086 1217 4173; baseline 0.003 -23"><span class='ocrx_word' id='word_1_347' title='bbox 110 4086 183 4150; x_wconf 84' lang='lat' dir='ltr'><strong>nuit</strong></span> <span class='ocrx_word' id='word_1_348' title='bbox 197 4092 372 4163; x_wconf 86' lang='lat' dir='ltr'><strong>necessitas,</strong></span> <span class='ocrx_word' id='word_1_349' title='bbox 395 4092 499 4154; x_wconf 85' lang='lat' dir='ltr'><strong>eadem</strong></span> <span class='ocrx_word' id='word_1_350' title='bbox 514 4111 603 4171; x_wconf 88' lang='lat' dir='ltr'><strong>passa</strong></span> <span class='ocrx_word' id='word_1_351' title='bbox 617 4103 664 4153; x_wconf 88' lang='lat' dir='ltr'><strong>est</strong></span> <span class='ocrx_word' id='word_1_352' title='bbox 677 4091 871 4172; x_wconf 85' lang='lat' dir='ltr'><strong>indulgentia.</strong></span> <span class='ocrx_word' id='word_1_353' title='bbox 914 4095 990 4153; x_wconf 88' lang='lat' dir='ltr'><strong>Cum</strong></span> <span class='ocrx_word' id='word_1_354' title='bbox 1004 4091 1217 4173; x_wconf 87' lang='lat' dir='ltr'><strong>Aristophanes</strong></span> 
     </span>
     <span class='ocr_line' id='line_1_40' title="bbox 110 4186 204 4257; baseline -0.021 -12"><span class='ocrx_word' id='word_1_355' title='bbox 110 4186 204 4257; x_wconf 87' lang='lat' dir='ltr'><strong>dixit,</strong></span> 
     </span>
    </p>
   </div>
   <div class='ocr_carea' id='block_1_6' title="bbox 0 0 1344 4702">
    <p class='ocr_par' dir='ltr' id='par_1_9' title="bbox 0 0 1344 4702">
     <span class='ocr_line' id='line_1_41' title="bbox 0 0 1344 4702; baseline 0 0"><span class='ocrx_word' id='word_1_356' title='bbox 0 0 1344 4702; x_wconf 95' lang='lat' dir='ltr'><strong> </strong></span> 
     </span>
    </p>
   </div>
  </div>
 </body>
</html>
