2678 4702
410 299 459 348 ns
482 299 684 348 russurrn.
1026 284 1093 353 267

96 445 267 511 riortasse
282 443 459 508 comicum.
504 443 618 508 Unum
631 461 711 507 vcro
735 448 790 506 est
811 461 917 524 genus
939 440 1092 524 perfecti,

110 549 171 633 qui
184 548 318 626 absunt,
341 566 458 628 genere
473 545 639 625 differunt,
661 551 699 610 ut
721 545 766 610 ab
781 540 889 610 Accio
904 544 1092 625 Terentius,

96 673 101 712 ι
115 648 232 714 eodem
245 668 310 713 uon
324 652 403 712 sunt
418 664 529 732 pares.

466 797 512 861 Et
524 796 621 863 infra

96 938 144 983 em
159 923 192 983 et
205 914 370 981 :Andriam
391 921 428 981 et
441 914 671 1000 Synephebos,
692 933 756 983 uec
769 912 886 981 minus'
895 917 1093 984 Terentium

96 1020 234 1097 ecilium,
257 1038 357 1102 quam
384 1017 750 1101 Menandrum-legunt.
795 1017 899 1098 Quod
921 1027 972 1086 est
993 1022 1094 1104 igitur

96 1125 152 1187 tin
169 1122 374 1186 orationibus
389 1140 409 1185 e
423 1119 549 1187 Graeco
571 1119 743 1184 conversis
763 1119 949 1199 fastidium,
965 1122 1092 1187 nullum

96 1225 131 1288 tit
144 1225 180 1287 in
195 1224 349 1290 versibus
362 1224 378 1289 'i

282 1372 357 1438 Lib.
376 1390 443 1438 v11.
459 1364 616 1458 Epist'd.
633 1373 676 1441 ad
692 1370 798 1440 Attio.

96 1505 182 1599 utus*
197 1519 285 1578 sum,
306 1518 372 1564 non
394 1498 473 1565 dico
489 1500 676 1580 Caecilium,
700 1500 804 1599 Mane
828 1509 866 1567 ut
881 1507 1039 1601 exlportu
1060 1506 1092 1571 in

96 1623 172 1680 aum,
191 1600 320 1687 (malus
335 1603 425 1666 enim
451 1608 569 1668 auctor
590 1604 771 1670 latinitatis
792 1601 873 1688 est,)
897 1602 955 1667 sed
970 1603 1094 1668 Tereu-

102 1705 198 1788 cujus
213 1703 375 1781 Fabellae,
392 1709 531 1787 propter
540 1705 739 1790 elegantiam
753 1707 920 1771 sermonis
929 1709 1093 1789 putaban-

96 1804 135 1870 C.
147 1805 257 1872 La'elio
273 1805 394 1871 scribi:
417 1806 502 1870 Heri
517 1805 647 1892 aliquot
658 1807 898 1873 adolescentuli
914 1808 1044 1874 coimus
1058 1810 1093 1874 in

96 1928 174 1972 tum.

454 2017 495 2082 ln
511 2017 630 2090 Laelio.

96 2134 224 2199 Andria
238 2133 412 2200 familiaris
425 2154 520 2199 meus
535 2133 712 2207 Terentius
727 2128 823 2200 dixit.

96 2318 149 2367 eris.
176 2320 210 2368 Et
222 2318 422 2383 excogitandum
434 2323 524 2370 tamen
564 2318 685 2368 teretur?
719 2316 834 2368 Atuuus
849 2323 876 2368 'et
892 2317 955 2367 item
974 2312 1041 2368 aiter
1060 2314 1093 2367 ob

100 2393 161 2458 fuit,
171 2409 205 2443 ue
217 2396 273 2444 siue
284 2397 383 2446 ratione
394 2396 526 2446 videretur
565 2396 647 2444 solnm
660 2394 755 2460 linguae
770 2395 868 2446 Latine
884 2396 994 2446 nitorem
1011 2410 1094 2460 nuper

96 2471 129 2520 ri.
162 2470 314 2533 ‘uuanda’
337 2471 421 2535 inquit
443 2469 525 2522 Scult-
564 2472 794 2521 tantanerentin
806 2470 907 2521 tribuit.
925 2470 1032 2532 Nescio,
1041 2470 1095 2534 qui·

96 2560 121 2595 es
133 2560 164 2594 eo
176 2545 304 2608 perducta
320 2554 369 2603 est,
387 2554 416 2595 ut
435 2561 481 2595 nos
498 2546 524 2594 in
565 2561 622 2597 nem
635 2548 672 2597 ilii
682 2545 795 2596 iueriutt
813 2546 925 2596 omnium
937 2546 1041 2595 minime
1051 2544 1099 2596 del

96 2622 188 2684 putria,
202 2622 251 2671 hoc
268 2629 317 2684 est,
334 2623 426 2672 Latina
443 2623 523 2672 simus
565 2623 641 2673 cebet
652 2622 812 2688 scaligerum
823 2624 848 2672 iu
858 2633 890 2672 eo
901 2633 1008 2672 numero
1021 2636 1093 2673 esse:

98 2698 134 2760 ni,
155 2712 231 2762 quem
254 2711 287 2745 ex
310 2696 458 2746 nitidissimi
480 2712 523 2747 cu·
564 2700 616 2765 qui,
626 2700 647 2749 si
660 2707 733 2749 tauta
743 2699 888 2750 intensione
899 2699 977 2748 animi
988 2702 1095 2750 tractas·

103 2774 219 2823 auctoris
233 2773 357 2837 operibus
378 2773 524 2823 emendicat·
564 2772 1095 2843 setTereutium,quautaVirgiliumnnn

96 2886 97 2896 ,
115 2864 156 2910 en,
167 2864 225 2912 qnae
239 2850 372 2913 sentimus,
383 2849 524 2913 applicare·
564 2851 648 2899 miuus
669 2849 817 2914 perfectum
836 2849 862 2899 iu
875 2865 922 2900 suo
932 2863 1012 2914 opere
1023 2850 1095 2898 iilum

96 2933 160 2989 tque
172 2927 198 2974 in
210 2940 241 2975 ea
250 2927 413 2975 Terentianae
426 2924 524 2974 mnudi·
565 2936 613 2989 per
633 2924 718 2974 omnis
735 2923 892 2988 judicasset.
922 2925 1096 2989 Suntautern,

96 3004 159 3052 iores
170 3009 259 3051 essent
270 3001 522 3051 salibttsPltutiuist
547 3018 549 3022 ·
564 3007 595 3050 nt
605 2999 724 3050 omnibns
736 3004 818 3063 petet,
827 3000 896 3049 inter
912 2997 1026 3048 eruditos
1044 3013 1095 3048 uon

96 3093 117 3126 m
138 3083 248 3140 propter
266 3078 344 3126 animi
363 3079 521 3140 voluptatem
563 3077 650 3140 pauci,
666 3074 818 3137 etinctum,
835 3075 879 3138 qni
894 3074 1096 3124 orationem'l'e·

96 3159 141 3202 unt
153 3153 248 3202 Plauto
256 3151 352 3215 Prisci,
368 3159 469 3202 tantum
485 3168 520 3202 ae·
563 3151 640 3200 rentii
675 3152 770 3199 merito
799 3150 902 3214 quidem
926 3149 1094 3215 ademerunt,

98 3234 140 3277 tra
151 3226 184 3276 ob
195 3227 290 3290 lingnae
303 3228 402 3278 Latinae
414 3228 521 3289 cultum,
561 3227 640 3290 louge
650 3226 724 3289 plura
734 3232 830 3289 antem,
845 3225 872 3275 id
890 3230 940 3291 est,
959 3228 1097 3294 omnious,

96 3317 121 3354 ο.
142 3301 192 3350 lile
203 3301 282 3363 igitur
292 3302 394 3351 luorum
407 3300 522 3350 secunde
564 3302 657 3368 quibus
666 3315 747 3367 opera
757 3303 904 3367 hujusmodi
915 3305 1096 3355 commendan-

102 3376 314 3427 commeudatns:
334 3378 375 3426 bic
384 3378 525 3428 nostrami·
565 3383 617 3436 tur,
634 3378 661 3427 iu
671 3391 703 3428 eo
715 3377 835 3427 admirati
846 3385 924 3428 sumt
940 3393 990 3431 nec
1001 3387 1032 3431 nt
1041 3382 1049 3410 ‘
1058 3381 1096 3431 lo·

98 3453 333 3519 sgnusfactnsest.
368 3456 435 3504 Nam
452 3454 524 3520 equi·
564 3454 670 3505 cutoris'
686 3454 767 3520 (absit
784 3455 920 3505 verborum
941 3455 1036 3521 vilitas,
1051 3457 1097 3507 ubi

98 3531 196 3578 lautum
215 3536 245 3578 ut
263 3528 407 3591 comicum,
427 3531 525 3580 Teren·
564 3532 622 3596 pius
633 3545 710 3595 quern
722 3529 802 3585 verba
818 3531 984 3596 spectantur)
1003 3532 1049 3582 sed
1066 3538 1097 3582 ut

97 3610 109 3654 t
129 3605 274 3653 locutoreur
296 3602 471 3654 admirabor?¹
492 3603 521 3653 si
554 3606 1096 3671 <eomitiet1²hitosopntexactihocexem·

113 3679 223 3745 junioris
244 3680 293 3729 aevi
316 3695 420 3730 cautam
446 3679 522 3730 dedit
562 3680 620 3746 pist
640 3681 689 3730 sibi
712 3687 909 3745 proposuerunt.
947 3682 1096 3743 Enimvero,

96 3773 140 3804 test
167 3757 272 3819 κριτικῷ,
298 3754 360 3819 qnid
377 3766 439 3819 ergo
461 3759 522 3804 aute
563 3759 608 3824 qui
625 3765 723 3824 preter
737 3761 832 3823 stylum
850 3759 913 3809 nibil
933 3759 959 3807 in
972 3757 1096 3807 'llerentin

96 3829 135 3881 uls
145 3831 283 3880 Horatium
294 3831 386 3893 movit,
396 3838 425 3881 ut
439 3831 523 3883 stulti·
564 3849 651 3884 amare
663 3835 765 3892 didicit,
776 3849 834 3885 eum
851 3850 867 3884 a
882 3834 966 3882 Musis
981 3841 1009 3882 et
1029 3832 1096 3882 Gra·

96 3906 249 3968 tultreteoe,
260 3905 304 3969 qni
314 3904 379 3955 niel
389 3906 524 3957 Plautinos
566 3911 608 3962 tiis
619 3926 677 3962 com
689 3912 800 3961 maxime
811 3912 922 3962 alienum
939 3923 1005 3972 esse,
1019 3923 1095 3960 nemo

96 3983 210 4034 mitatem
219 3990 247 4033 et
255 3985 371 4047 leporem
380 3981 525 4034 referrent?
565 3987 673 4039 abnuat.
707 3986 761 4038 Sed
778 3987 835 4036 bec
851 3986 977 4034 hacteuus
993 3985 1028 4035 ed
1040 3985 1097 4040 Jul.

98 4059 202 4122 phrasin
214 4059 296 4122 magis
307 4057 438 4121 Terentii,
449 4069 525 4123 quam
565 4060 663 4127 Scalig.
676 4060 752 4113 poet.
764 4061 809 4112 lib.
823 4074 866 4111 ur.
879 4075 938 4125 cap.
949 4065 992 4112 96.
1009 4067 1038 4111 et
1048 4062 1095 4114 lib.

96 4134 214 4199 tlepores
231 4140 304 4187 teoto
319 4134 405 4186 studio
420 4147 526 4189 conseo·
566 4148 606 4189 νι.
616 4141 711 4212 σιμ.
730 4132 996 4189 tenacitatem.

96 4213 244 4279 baula.
256 4215 322 4265 Clas.
502 4216 595 4271 Turul.
1007 4220 1031 4270 R
