2678 4702
212 297 279 365 268
594 312 733 362 rreum
758 313 941 364 vuruauu

692 458 842 525 Etmox.
941 509 943 513 »

259 577 301 642 Ιιι
326 576 503 662 obsequio,
530 577 689 661 quonism
708 577 912 643 Terentiano
938 577 1042 642 verbo
1064 578 1208 648 libenter
1232 524 1293 659 utor,

217 681 360 745 comitas
375 678 475 744 adsit.

440 812 620 892 Horatius,
634 813 694 878 lib.
708 813 819 898 Epist
834 814 878 879 ad
894 814 1100 898 Augustum.

302 932 437 998 Dicitur
451 931 572 997 Afrani
585 939 665 1015 toga
679 933 878 998 convenisse
893 931 1104 999 Menandro:
1220 941 1225 950 '

302 1035 444 1101 Plautus
457 1034 502 1100 ad
516 1036 690 1120 exemplar
702 1035 812 1100 Siculi
827 1055 1009 1120 properare
1023 1037 1236 1120 Epicharmi:

302 1137 447 1202 Vincere
461 1135 624 1202 cecilius
638 1137 811 1221 gravitate,
826 1138 1007 1204 Terentius
1021 1145 1111 1205 arte.

303 1240 382 1306 Hos
397 1238 530 1318 ediscit,
545 1247 581 1303 et
594 1240 657 1305 hos
672 1245 767 1306 arcto
781 1241 909 1324 stipata
923 1240 1051 1307 necno

303 1332 442 1427 Spectat
455 1341 567 1407 Roma
579 1341 746 1427 frequens.

445 1538 448 1543 .
528 1481 684 1564 Ovidius,
697 1483 756 1549 lib.
774 1501 812 1551 ιι.
826 1484 1000 1551 Tristium.

260 1603 337 1669 Nec
350 1603 436 1668 liber
449 1600 609 1668 indicium
624 1609 680 1667 est
694 1601 818 1683 auimi3
840 1600 901 1666 sed
914 1602 1061 1668 honesta
1078 1605 1225 1669 voluntas

302 1703 454 1769 Plurima
468 1702 654 1768 mulcendis
670 1702 808 1768 auribus
823 1704 909 1786 apt'a
921 1702 1033 1770 refert

259 1803 388 1873 Accius
401 1810 494 1871 esset
508 1809 626 1871 atrox:
648 1806 794 1871 convive
807 1805 988 1871 Terentius
1003 1811 1115 1888 esset3

301 1907 427 1972 Essent
440 1925 609 1991 pugnaces
624 1906 683 1988 qui
697 1906 768 1971 fera
782 1907 873 1972 bella
887 1915 1022 1972 canunt.
1134 1977 1137 1983 ,
1260 1977 1261 1980 ,

264 2055 444 2125 Volcatius
466 2057 649 2141 Sedigitus,
671 2057 763 2141 apud
786 2055 829 2122 A.
845 2057 933 2159 Geli.
954 2057 1014 2121 lib.
1032 2074 1100 2121 xv.
1124 2058 1253 2141 capit.

301 2185 432 2248 Multos
448 2186 593 2248 incertos
608 2188 732 2248 certare
745 2184 831 2247 hanc
845 2203 916 2247 rern
928 2182 1086 2262 vidimus,

301 2284 455 2362 Palmam
470 2283 583 2368 po‘e'tae
598 2284 731 2350 cornico
747 2286 804 2349 cui
819 2284 980 2350 deferant.

300 2385 399 2463 Eum,
412 2405 466 2450 me
478 2385 602 2469 judice,
616 2405 756 2453 errorem
771 2385 958 2454 dissolvam
972 2386 1056 2452 tibi:

300 2487 351 2553 Ut
366 2489 524 2553 contrusi
540 2480 618 2570 qdis
633 2487 769 2565 sentiat,
784 2487 868 2552 nihil
884 2488 1023 2553 sentiat.

301 2589 443 2656 Caecilio
458 2588 605 2673 palmam
621 2586 733 2653 Statio
749 2588 793 2654 do
809 2590 953 2654 comico.

299 2691 445 2756 Plautus
459 2688 625 2754 secundus
639 2689 740 2754 facile
753 2696 933 2774 exsuperat
947 2697 1091 2757 ceteros.

299 2792 387 2858 Dein
403 2790 559 2869 Naevius,
575 2792 631 2877 qui
647 2798 758 2857 servet
771 2791 928 2875 pretium,
942 2792 1098 2859 tertiu’st.

298 2896 337 2961 Si
352 2894 426 2972 erit,
438 2893 530 2976 quod
542 2899 674 2978 quarto,
689 2892 823 2958 dabitur
838 2893 980 2959 Licinio.

299 2998 385 3063 Post
395 2996 530 3080 insequi
544 2996 707 3060 Licinium
721 2994 812 3061 facio
825 2994 980 3060 Atilium.

298 3101 341 3166 ln
356 3105 454 3164 sexto
470 3098 621 3182 sequitur
634 3098 697 3161 hos
711 3098 788 3161 loco
802 3096 987 3162 Terentius.

297 3185 470 3286 Turpilius
485 3201 674 3284 septimum,
689 3196 826 3262 Trabea
839 3204 997 3263 octavum
1011 3199 1158 3266 obtinet.
1240 3209 1241 3212 ’

297 3299 401 3364 Νοιιο
414 3300 491 3363 loco
505 3318 582 3363 esse
596 3298 697 3364 facile
711 3298 803 3363 facio
819 3298 991 3363 Luscium.

296 3399 475 3464 Decimum
491 3397 582 3465 addo
597 3399 704 3464 causa
718 3398 926 3483 antiquitatis
940 3397 1099 3464 Ennium.

510 3515 665 3606 Velleius
680 3538 889 3620 Paterculus,
903 3541 962 3607 lib.
978 3559 1004 3606 r.

253 3659 450 3743 Dulcesque
466 3659 579 3725 Latini
600 3657 733 3744 leporis
747 3657 882 3727 sacena
906 3678 967 3742 per
981 3655 1174 3740 Caecilium,
1189 3659 1285 3725 Tereu-
1327 3687 1333 3730 ι

207 3762 372 3891 dumque,
384 3768 417 3826 et
430 3760 605 3827 Afranium
619 3760 759 3843 suppari
774 3765 877 3823 aetate
892 3759 1073 3827 nituerunt.
1279 3771 1281 3777 ’
1328 3790 1333 3811 ·

482 3895 565 3961 Fab.
580 3869 773 3974 Quintilian.
786 3890 844 3959 lib.
861 3911 900 3959 x.
915 3912 991 3978 cap
1006 3891 1036 3960 1.

203 4016 299 4080 Ι·ιι
316 4015 494 4082 Comoedia
515 4011 662 4080 maxime
685 4011 934 4093 claudicamus3
964 4012 1045 4077 licet
1067 4011 1180 4077 Varro
1207 4009 1288 4082 dicat,

199 4093 334 4183 Ήιιιιι
347 4116 431 4199 AElii
447 4114 590 4200 §tireno
611 4113 776 4212 sententia
792 4113 949 4179 Plautino
971 4132 1124 4180 sermone
1138 4114 1287 4199 locuturas
1329 4126 1333 4168 ι
