2678 4702
385 330 541 380 suuntur
565 331 648 380 rur.
672 332 697 378 1.
719 330 774 378 so.
799 330 839 378 11.
1100 316 1165 384 289

57 477 245 559 Sperantes
256 473 340 556 jam,
352 481 586 553 amotometu3
601 475 727 538 interea
739 475 923 537 oscitantes
935 476 1077 558 opprimi
1090 496 1099 553 3
1122 477 1164 540 10

58 577 117 641 Ne
133 582 225 640 esset
241 576 390 656 spatium
407 575 578 656 cogitandi
594 576 638 638 ad
651 575 890 639 disturbandas
906 577 1054 660 nuptiae

10 674 22 683 “
56 676 202 741 Astutel
255 676 308 739 St.
333 674 513 753 Camuiex,
539 696 617 759 quae
637 677 803 760 loquitur!
856 677 929 742 DA.
962 677 1076 742 Herus
1101 686 1163 759 est,

189 797 296 860 neque
311 777 532 860 provideram.
972 787 974 790 ’

58 880 113 944 St.
137 879 245 944 Dave.
296 879 367 944 Du.
392 879 494 958 Hem,
525 881 606 963 quid
630 881 703 944 estl
758 880 810 944 St.
844 880 998 944 Ehodum
1027 882 1070 946 ad
1100 905 1163 950 me.

191 980 262 1043 DA.
286 977 379 1058 Quid
408 981 463 1045 hic
478 983 572 1046 volti
619 982 667 1046 Si.
692 981 783 1060 Quid
801 983 875 1046 alst
921 983 993 1047 DA.
1019 983 1097 1062 Qua
1120 987 1162 1051 de

134 1140 136 1146 .
191 1082 517 1164 rel·St.R0gasl
1147 1092 1152 1097 ’

60 1183 180 1249 Meum
196 1187 331 1264 gnatum
347 1204 460 1248 rumor
485 1191 538 1250 est
565 1205 689 1251 amare.
734 1186 806 1251 DA.
829 1185 871 1250 Id
894 1185 1042 1271 populus
1059 1193 1163 1266 curat,

191 1285 341 1350 scilicet!

56 1492 189 1554 insolitum,
206 1499 229 1542 et
249 1499 325 1542 emoto
335 1501 398 1544 metu
416 1495 562 1558 nuptimm,
577 1493 633 1542 dene
649 1499 779 1556 sperantes,
799 1494 1105 1554 montemaureum,
1122 1509 1164 1543 nor

56 1558 199 1618 prevenire,
211 1574 239 1606 ne
247 1558 314 1606 nolis
323 1560 395 1608 ullum
405 1560 518 1622 temporis
527 1560 628 1621 spatium
640 1564 700 1606 esset
711 1559 832 1618 cogitandi
841 1557 940 1621 aliquid,
952 1559 982 1607 ud
998 1559 1165 1608 disturbandos

57 1622 164 1682 nuptias.
195 1621 302 1671 Astute!
335 1623 375 1672 St.
396 1623 512 1682 Carnifex
521 1637 572 1685 que
589 1620 711 1684 loquitur?
744 1623 796 1673 Dr.
815 1623 896 1672 Herm
911 1628 954 1685 est,
974 1622 1164 1686 nequeenimud-

57 1690 196 1734 verteram..
226 1688 263 1734 Sr.
279 1687 356 1736 Daue.
390 1689 445 1735 Dr.
462 1688 535 1745 Hem,
553 1687 611 1749 quid
629 1691 680 1734 est?
717 1686 755 1736 Sr.
774 1688 881 1735 Ehodum
900 1689 931 1734 ud
948 1701 993 1735 me.
1027 1688 1080 1736 DA.
1098 1687 1164 1742 Qutu
1199 1734 1203 1739 ,

58 1747 181 1800 licerit?
213 1750 252 1798 St.
271 1751 336 1805 Quid
347 1748 401 1801 nis?
435 1753 488 1800 DA.
514 1752 568 1806 Qun
586 1753 614 1799 de
632 1749 784 1812 reuerteris?
814 1752 854 1800 St.
872 1748 972 1812 Rogas?
988 1751 1165 1814 quurineses'nr.

59 1813 154 1862 Rumor
170 1820 205 1864 est
216 1814 299 1878 filium
309 1829 387 1864 meum
402 1830 489 1866 amore.
522 1817 577 1865 De.
594 1814 672 1870 Quasi
691 1831 745 1864 uero
764 1828 792 1865 eu
807 1830 864 1865 cero
881 1817 966 1878 uulgus
980 1815 1091 1865 solicitet.
1123 1816 1162 1865 St.

525 1991 554 2012 Ν
556 1990 703 2011 ΙΙΙΙΙΙΙΙΙΙ

60 2097 173 2146 redieret
182 2096 247 2162 filio,
268 2097 372 2148 Uxorem
389 2113 436 2147 nou
454 2098 509 2148 duri
528 2113 577 2158 sne,
596 2098 1032 2161 Nunnio—10Integrumhuno
1055 2113 1165 2160 rermm,

59 2169 90 2210 nt
104 2163 225 2223 nothum,
235 2163 318 2226 rejicit
329 2163 398 2227 Guy.
411 2163 478 2212 irenei
491 2165 618 2222 cogitans,
630 2177 680 2210 non
691 2164 822 2211 eohaerere
835 2163 882 2222 its,
892 2178 948 2226 qum
960 2169 1112 2225 sequuntur,
1125 2163 1164 2220 Nep

59 2231 123 2275 esset
135 2227 237 2288 spatium
254 2229 374 2287 cogitandi
384 2230 417 2276 ed
435 2228 603 2276 disturbandas
614 2226 720 2290 nuptias.
753 2227 821 2275 Sane
832 2227 910 2289 enim,
922 2227 943 2275 si
954 2228 1164 2290 opprimerentur
1183 2263 1187 2268 -

57 2292 249 2402 littttt‘⁸
262 2291 1101 2405 ittttl*ttttlttttttttttt‘ttt‘tttttitt
1115 2292 1165 2405 ‘ii’

58 2419 147 2495 Vulgo
159 2419 212 2466 ita:
231 2419 369 2482 Soerurties,
382 2420 436 2479 jum
454 2371 533 2468 aristi
549 2373 643 2469 metu.j
656 2390 709 2467 de
730 2420 814 2468 minus
831 2391 901 2482 erite.
923 2419 1000 2474 West.
1033 2371 1165 2470 Aliigimm

58 2496 108 2532 ose.
141 2482 232 2546 Atque
243 2485 281 2532 its
292 2485 358 2532 Pell.
368 2498 457 2532 omnes
469 2501 476 2531 t
494 2499 577 2547 usque
590 2484 666 2532 aliter
675 2482 778 2532 videtur
789 2484 816 2532 in
835 2497 903 2532 omn.
915 2483 993 2532 codd.
1005 2487 1056 2533 suis
1069 2484 1164 2546 legisse

57 2546 258 2612 Fsrlaudotque
279 2548 321 2597 Fr.
342 2549 424 2598 liare.
457 2549 501 2597 Ita
520 2557 548 2596 et
560 2547 617 2597 EA.
651 2547 804 2597 Idinddd.
834 2546 972 2609 Sperantee,
987 2548 1040 2608 jum
1058 2548 1163 2598 um.Br.

57 2609 174 2672 Sporus,
192 2611 307 2674 mmmm.
325 2613 405 2661 Both.
439 2614 508 2661 Inter
518 2611 609 2662 Guelf.
626 2615 651 2660 2.
670 2613 761 2674 ‘Lege
782 2613 882 2661 interea.
917 2613 985 2662 Nsrn
996 2613 1059 2662 iuter
1070 2627 1165 2676 repug-

58 2681 106 2724 nat
118 2676 266 2737 melioribus
277 2676 354 2726 codd.
370 2684 445 2725 nocet
457 2685 550 2738 metro,
563 2681 591 2724 et
602 2677 692 2724 turbat
709 2690 810 2724 sensum
825 2683 974 2739 propterea,
985 2678 1052 2740 quod
1067 2683 1165 2740 prester

57 2739 166 2798 Davom
178 2739 377 2803 etanplrilum
390 2755 440 2799 non
456 2748 531 2789 erant
551 2749 603 2790 tum
625 2741 678 2798 alii,
689 2742 732 2802 qui
752 2740 912 2789 oscitarent!
930 2742 1069 2789 Bent.-ll
1091 2741 1123 2789 Ut
1135 2755 1166 2790 rte

58 2801 118 2867 ess]
136 2803 320 2868 Mss.qnidsm
335 2806 427 2854 Nesse.
447 2806 529 2854 West.
562 2803 593 2852 'll
606 2805 639 2852 Ut
652 2805 761 2866 requirit
777 2805 910 2853 iambicus.
927 2805 965 2853 ld.
986 2806 1012 2852 ir
1027 2805 1093 2854 Add-
1130 2805 1165 2853 Ut

57 2881 89 2916 rte
101 2868 158 2915 rnlt
170 2875 197 2916 et
208 2868 285 2919 Bent.
308 2870 391 2931 Neque
400 2883 450 2918 erse
459 2884 495 2932 sp.
515 2869 591 2917 Both.
601 2869 644 2929 qui
656 2875 746 2916 notet:
764 2870 771 2895 ‘
781 2868 804 2916 B
815 2875 887 2916 reete
898 2869 949 2916 Nee
960 2867 1092 2920 ruer—m
1101 2866 1166 2918 Qui·

56 2929 122 2995 ¹dsm
131 2931 197 2982 Mss.
205 2932 277 2982 Libri
289 2941 317 2982 et
327 2934 401 2991 editi,
410 2934 574 2995 proeoiderom.
606 2932 650 2980 Sic
663 2939 690 2980 et
707 2933 758 2980 Ms.
769 2932 874 2981 Donati.
890 2933 963 2979 West.
998 2931 1165 2994 Prouiderdm]

58 2994 96 3044 Η.
109 3009 134 3044 e.
143 3009 223 3057 porro
234 2997 363 3058 riderem3
383 2997 479 3046 hubent
490 3005 517 3046 et
529 2995 622 3044 Fstrnt
641 2995 700 3044 libri
720 3010 818 3055 omnes,
831 3000 858 3043 et
875 2995 966 3057 nostri,
977 3009 1028 3043 nno
1038 3003 1165 3057 excepto,

59 3058 105 3124 qui
115 3059 178 3123 legit
188 3061 352 3122 previderum.
369 3063 514 3110 Bene-1³
535 3060 652 3109 Huncin
670 3061 733 3108 diros
751 3074 801 3107 vss.
812 3058 905 3107 dividit
918 3059 963 3107 Br.
978 3060 1119 3107 secttndum
1131 3059 1165 3119 sle,

59 3123 133 3172 ’Hie
163 3122 239 3172 volt'
256 3126 399 3187 incipiens:
429 3125 475 3174 red
504 3139 622 3172 versuum
642 3137 761 3171 numeros
788 3123 813 3171 iu
834 3123 881 3170 Br.
901 3136 951 3170 non
968 3127 1052 3172 mittet
1070 3124 1165 3175 Bruns.

60 3186 152 3238 ‘Pell
165 3188 198 3239 al.
212 3189 283 3251 agiu
299 3192 332 3240 sl.
351 3204 409 3239 cum
421 3191 457 3253 gl.
476 3188 554 3240 dieis.-
569 3187 615 3237 sed
626 3188 667 3248 uis¹
684 3192 711 3235 et
724 3186 778 3248 ogis
788 3187 814 3236 in
824 3187 929 3238 Terent.
944 3186 1053 3238 comoed.
1064 3187 1165 3242 certior

564 3334 675 3386 NO'l'AE

95 3454 127 3500 lt)
145 3449 292 3513 Oseiterrter]
311 3451 442 3513 oscitare,
458 3449 513 3500 sive
529 3449 594 3498 osci·
636 3447 693 3498 t'ra:
714 3447 799 3512 ‘Etru
819 3463 853 3498 su
875 3453 932 3499 tute
949 3448 1101 3499 intellexisti
1115 3450 1166 3500 huo

61 3526 124 3587 teri,
135 3531 177 3574 est
188 3526 265 3589 lutare,
278 3541 307 3576 os
325 3527 437 3590 aperire.
467 3525 595 3576 oscitatio
637 3522 843 3572 assimularieri’

60 3601 251 3665 negligentiam
262 3603 356 3666 arguit.
668 3604 700 3648 14
718 3601 748 3648 ld
757 3600 857 3663 populus
868 3599 1052 3662 eurut‚seilicet]
1069 3601 1168 3662 Expul-

95 3673 220 3739 Opprimi]
238 3677 392 3741 Praeveniri,
401 3679 533 3742 occupari.
550 3679 595 3728 vt·
636 3676 674 3726 sio
685 3676 794 3738 ironica,
808 3691 857 3740 qna
873 3676 956 3725 eludit
967 3676 1056 3723 Davus
1068 3674 1168 3725 dictum

59 3753 141 3802 detur
163 3753 317 3800 translatum
340 3768 397 3803 esse
423 3755 456 3803 ab
480 3753 595 3804 aedtficits
637 3751 757 3813 Simonis,
776 3751 813 3800 ita
833 3751 973 3814 colligens:
999 3749 1032 3798 Id
1054 3751 1167 3812 populus

58 3829 134 3879 mina
145 3827 265 3876 incautos
275 3829 490 3891 opprimentibus.
635 3842 685 3878 non
705 3836 787 3877 curat.
823 3827 912 3876 Ironia
930 3833 970 3875 est
987 3826 1099 3888 Tropus,
1115 3841 1167 3890 qno

91 3909 125 3954 12
142 3903 242 3966 Astute]
261 3903 319 3952 Hoc
331 3912 407 3968 gestu
415 3913 442 3955 et
452 3905 594 3969 agitatione
636 3904 791 3966 intelligitur
803 3902 959 3951 contrarium
970 3900 1036 3962 ejus,
1049 3901 1117 3963 quod
1130 3901 1168 3951 di·

60 3979 159 4044 cspitis
170 3980 260 4027 Davus
272 3979 347 4028 dixit.
636 3980 714 4040 citur,
729 3979 763 4027 sb
780 3979 841 4040 ripn,
858 3976 926 4040 qnod
947 3982 994 4038 est,
1007 3975 1066 4024 dico
1075 3996 1083 4039 ;
1099 3979 1167 4027 unde

93 4059 126 4105 13
144 4053 266 4116 Ehodum]
284 4055 332 4103 Est
347 4055 497 4118 interjectio
515 4055 548 4104 ad
567 4069 595 4104 se
636 4055 701 4118 εἴρων
722 4053 905 4116 dissimulator,
927 4052 972 4116 qni
998 4052 1074 4103 aliter
1096 4054 1167 4119 dicit,

59 4131 192 4192 vocantis,
205 4130 335 4182 interdum
347 4129 507 4195 admirantis,
519 4131 595 4180 utin·
637 4146 667 4180 ac
679 4129 769 4180 sentit.

127 4210 251 4273 neuster
264 4211 396 4261 mucro.
590 4211 686 4261 ruens.
1081 4200 1103 4260 r
1132 4180 1135 4184 ’
