2678 4702
184 302 251 371 460
559 316 590 367 r.
613 316 798 367 usneuurr
817 314 910 366 nuru

186 463 228 530 Iu
243 462 332 527 hune
348 461 434 526 diem
450 465 488 524 ut
502 459 544 524 de
560 459 723 544 symbolis
739 480 900 526 essemus.
945 458 1121 525 Chaereem
1138 454 1172 525 ei
1186 461 1235 526 rei

187 563 427 642 Preefeeimus3
443 560 515 626 deti
530 563 659 644 annuli3
671 563 782 640 locus,
796 569 932 646 tempus
948 564 1170 627 coustitutum
1186 569 1247 626 est.

187 665 359 731 Praeteriit
373 671 527 748 tempus3
550 683 617 748 quo
637 666 671 729 in
691 665 767 730 loco
783 665 908 730 dictum
924 669 989 741 est,
1005 664 1121 746 parati
1134 665 1218 728 nihil
1229 666 1283 728 est.

189 762 304 829 Homo
319 765 392 847 ipse
406 783 572 848 nusquam
585 771 660 847 est;
685 786 794 849 neque
809 767 881 830 scio
897 764 980 848 quid
997 764 1125 844 dicam,
1141 771 1200 829 aut
1214 764 1286 848 quid

317 867 515 950 conjectem.
1267 867 1286 929 5

189 967 289 1032 Nune
302 966 381 1030 mihi
396 966 462 1031 hoe
476 967 588 1050 negoti
604 968 704 1032 ceteri
721 967 904 1045 dederent
920 967 1012 1030 illum
1028 970 1205 1050 quaer'am3

190 1066 299 1152 quue
322 1068 407 1133 adeo
431 1068 551 1147 visam,
575 1070 605 1134 si
628 1067 721 1134 domi
744 1075 807 1133 est.
852 1069 1018 1147 Quisnam
1041 1069 1098 1132 hie
1121 1066 1287 1134 a'Thnide

320 1171 412 1234 exiti

191 1368 291 1418 dierunt
304 1385 444 1420 ueneremur
464 1372 493 1419 de
509 1371 610 1436 stipibus
624 1369 714 1420 collatis
730 1369 760 1419 ab
780 1382 914 1432 unoquoque
925 1367 1093 1417 omniserunt:
1112 1366 1291 1417 Choereembrir

191 1435 265 1546 im
278 1435 461 1548 mdim‘
473 1436 558 1549 mr.-
574 1437 677 1549 diti?
688 1432 1109 1546 “Eritiffsiiiiindifflii
1129 1432 1291 1559 ‘iiam

192 1512 738 1625 dm'rilcerefraffloguarffrvmc'mitt
748 1578 763 1610 u
774 1513 858 1610 cerceis
876 1513 992 1609 sodrquibus
1003 1511 1207 1616 Wmdndutum
1217 1566 1257 1620 est,
1270 1565 1291 1607 ut

191 1626 259 1676 illem
268 1641 387 1692 mum:
403 1629 498 1692 meoque
509 1629 584 1679 risum
594 1628 641 1693 ibo,
658 1629 681 1676 si
691 1627 753 1675 domi
763 1631 808 1676 est.
843 1624 958 1684 Quietum
968 1639 999 1673 ex
1006 1624 1101 1675 edibus
1120 1625 1221 1674 Timidis
1238 1638 1290 1685 egre·

685 1779 835 1801 1111111111

192 1879 256 1932 dnm
271 1894 293 1924 c.
304 1879 331 1922 tn
344 1879 438 1925 Ptroeeo
450 1872 480 1922 ln
497 1873 558 1923 berre
571 1873 643 1936 diem,
658 1879 695 1926 ut.
710 1875 793 1925 Wert.
827 1873 892 1924 Tres
903 1887 936 1922 ex
947 1870 1046 1921 uostris
1057 1873 1184 1922 meliores
1197 1873 1289 1922 eriinrr.

194 1938 292 1987 Omnes
304 1944 389 1987 entem
403 1939 490 1997 Piraeo,
500 1953 550 1987 non
565 1946 596 1987 ut
607 1952 675 1987 nune
687 1939 783 2002 iegitur
793 1938 862 2001 apud
875 1939 932 1990 Cic.
950 1936 984 1989 ed
995 1935 1055 1985 Art.
1069 1950 1124 1986 vu.
1144 1941 1171 1986 8.
1188 1938 1288 1985 Piroeurr.

195 2004 278 2053 Recte
290 2019 297 2052 r
316 2016 365 2051 non
377 2003 446 2051 enim
455 2018 487 2051 ex
499 2003 563 2052 urbe
579 2004 605 2052 in
622 2004 745 2062 Piraeum,
757 2003 803 2052 sed
815 2003 840 2051 in
857 2003 944 2055 Piraeo
955 2000 1000 2049 ubi
1012 2002 1142 2050 custodes
1155 2009 1228 2050 eraut
1237 2001 1288 2062 pub-

192 2066 252 2118 lice.
262 2068 335 2116 Brut.
354 2067 444 2129 Piroeo]
455 2066 507 2116 Alii
516 2067 657 2130 scriptores
666 2067 732 2117 bunc
740 2073 843 2131 portum
853 2080 954 2128 semper
966 2064 1060 2114 dieunt
1067 2066 1212 2115 Piraeeum.
1224 2065 1252 2112 R.
1260 2064 1289 2112 D.

194 2131 250 2182 Cic.
262 2131 293 2180 ed
304 2129 361 2180 Att.
370 2145 482 2180 errorem
496 2132 688 2194 grammaticum
700 2146 716 2180 a
733 2146 761 2180 se
778 2131 916 2183 admissum
933 2136 1121 2192 excusaturus,
1133 2136 1253 2193 provocat
1263 2127 1289 2174 ed

193 2194 262 2244 hunc
272 2209 383 2257 versum,
400 2194 510 2257 legendo
526 2197 553 2244 r'rr
571 2196 696 2253 Piraeum.
730 2195 783 2244 Sed
795 2195 816 2244 is
828 2196 894 2251 etin
906 2192 1060 2243 defensione
1072 2195 1204 2246 memoria
1213 2195 1287 2254 lapsus

194 2258 299 2308 videtur
316 2259 391 2307 hodie
403 2259 530 2309 omnibus.
566 2259 662 2308 Omnes
674 2260 743 2309 enim
754 2260 820 2315 Mes.
830 2259 927 2309 babent
938 2272 1027 2308 cesum
1040 2266 1159 2319 sextum,
1180 2268 1206 2306 et
1217 2258 1265 2305 sine
1278 2269 1288 2301 e

194 2319 608 2436 destitisti522·er
616 2324 756 2438 sitiit
770 2321 1240 2449 t¹¹t⁶tt¹1¹tss⁰mntb,itti
1249 2320 1289 2430 fi·

198 2451 233 2498 Ut
245 2450 316 2498 delet
328 2451 400 2499 Perl.
413 2457 440 2499 et
451 2458 526 2500 notet
537 2452 563 2499 id
575 2453 626 2514 legi
637 2453 663 2501 in
676 2451 766 2502 Guelf.
778 2456 801 2501 2.
815 2457 889 2501 3.-4
908 2453 952 2500 Est
972 2457 1034 2513 post
1050 2450 1187 2500 ‘dietum'
1203 2451 1288 2498 abente

196 2514 292 2563 Br.-d
308 2513 380 2561 Illum
389 2520 424 2561 ut.
446 2514 509 2561 0.1.
521 2531 542 2560 s.
555 2530 661 2565 numero
673 2519 779 2566 meliore
793 2516 944 2578 sicqbebent,
956 2521 983 2563 ut
993 2515 1071 2564 iilum.
1083 2516 1131 2566 ua.
1164 2516 1208 2564 Sic
1219 2511 1288 2560 nostri

194 2591 284 2625 ornnes
303 2584 329 2624 et
351 2575 418 2624 Edd.
438 2582 505 2623 vett.
522 2576 642 2625 Brut—i
660 2580 703 2624 Ibo
718 2583 750 2626 ud
769 2595 827 2626 mm.
864 2581 945 2627 Visum
961 2579 984 2624 si
999 2580 1065 2625 domi
1081 2585 1121 2626 est
1133 2580 1168 2629 G.
1181 2579 1229 2626 ET.
1241 2575 1289 2624 ΕΜ.

199 2641 276 2690 West.
309 2640 383 2700 quue
394 2641 450 2687 odeo
468 2640 553 2700 risurn,
572 2641 594 2687 si
610 2641 694 2688 domist
706 2641 780 2688 dedit
796 2640 929 2701 Faernus3
946 2639 993 2688 sed
1005 2640 1069 2688 nibil
1083 2643 1118 2689 nd
1132 2643 1216 2692 iocum
1225 2655 1289 2688 nuno·

196 2704 269 2753 tevit.
304 2703 393 2751 Nostri
402 2716 489 2750 omnes
508 2718 565 2751 curn
582 2703 648 2753 Edd.
660 2711 725 2755 rett.
744 2705 786 2753 Ibo
796 2707 827 2753 ud
838 2719 909 2763 eum‚·
926 2703 994 2767 qnod
1016 2704 1043 2751 in
1063 2713 1219 2755 contextum
1232 2718 1289 2752 rece·

196 2769 236 2831 pit
246 2768 284 2815 vir
301 2767 512 2829 eruditus‚1dque
529 2770 587 2817 adeo
603 2768 699 2831 ejecto.
731 2770 841 2818 Temere
852 2770 967 2827 fectum
984 2774 1012 2815 et
1031 2769 1113 2818 nolim
1136 2769 1239 2820 imitari.
1250 2769 1290 2816 Co·

196 2833 248 2882 dex
258 2831 326 2881 euim
340 2832 489 2893 Bembiuus,
500 2833 558 2895 ipso
569 2834 669 2883 Bembo
680 2841 759 2893 terte,
775 2834 850 2896 quue
865 2837 931 2882 adeo.
956 2830 1098 2895 Equidem,
1115 2835 1137 2883 ri
1149 2835 1192 2882 Ibo
1207 2837 1236 2882 ud
1245 2844 1288 2880 eurr

198 2899 362 2958 asciscerem,
381 2902 442 2959 post
454 2896 497 2946 Ibo
513 2897 760 2960 subdistingnerem,
774 2898 824 2948 hoc
836 2897 931 2947 moder
948 2896 1002 2957 tro,
1011 2899 1042 2944 ud
1054 2912 1108 2946 erm
1122 2895 1290 2948 risnmsidnni

197 2968 241 3012 est.
275 2963 363 3022 Certe,
374 2961 394 3009 si
404 2961 445 3008 lto
456 2963 487 3009 ed
498 2976 558 3024 eum,
569 2971 595 3010 et
608 2977 676 3023 mox,
685 2963 762 3011 visum
779 2963 802 3010 si
819 2962 883 3010 domi
896 2966 932 3011 est
949 2960 1038 3021 dicus3
1056 2961 1097 3010 bis
1112 2963 1182 3011 idem
1200 2961 1290 3009 dixeris.

198 3027 271 3090 quue
281 3028 338 3075 odeo
347 3025 431 3083 ubam,
444 3025 553 3087 perinde
569 3040 600 3075 ee
611 3027 695 3088 Itaque
706 3029 773 3088 adeo,
785 3027 847 3075 sutis
865 3041 892 3074 se
910 3031 1042 3075 vetustate
1055 3040 1105 3073 sue
1126 3034 1155 3075 et
1173 3024 1290 3089 elegantia

198 3090 371 3142 commendat.
403 3089 502 3139 Heeut,
513 3095 573 3149 1.,1.
586 3095 642 3139 122.
664 3090 733 3139 ‘Ibo
751 3090 818 3139 aueo
835 3090 894 3139 trine
911 3091 996 3139 intro:
1015 3101 1056 3138 set
1067 3091 1132 3153 quid
1145 3092 1290 3154 crepuerunt

198 3153 267 3204 t'ores
276 3155 293 3204 i'
311 3155 362 3204 Ubi
374 3153 440 3202 illud
457 3154 528 3202 ‘set’
540 3153 566 3203 in
578 3155 725 3204 memorium
733 3155 796 3203 mibi
806 3154 910 3217 redigit,
922 3155 1032 3203 alterum
1044 3168 1153 3218 quoque
1163 3155 1291 3218 bujurrer·

198 3233 242 3268 sus
254 3220 328 3268 coion
339 3218 463 3267 mendose
474 3216 552 3267 ferri:
570 3219 644 3281 quue
660 3220 717 3268 odeo
727 3219 804 3268 visum
814 3221 835 3268 si
850 3221 954 3267 domist:
971 3218 1081 3280 numnam
1098 3220 1156 3268 bine
1173 3220 1203 3267 ab
1216 3217 1292 3269 ibride

198 3284 248 3333 exit
258 3282 271 3334 i
281 3283 379 3335 Omnes
390 3282 472 3332 nostri
484 3297 543 3332 enm
557 3291 619 3333 vett.
633 3282 700 3333 Edd.
712 3289 748 3336 set
764 3285 887 3359 quntum:
905 3282 1004 3350 syllaba
1015 3297 1191 3345 supervacue.
1224 3281 1290 3332 Febr·

198 3361 247 3395 uus
257 3352 292 3396 set
304 3347 398 3410 ejecit:
417 3360 464 3409 ego
482 3362 538 3396 eum
551 3348 641 3397 codiee
662 3349 687 3395 iu
706 3347 872 3397 Bibliotheca
888 3346 993 3410 publice
1003 3345 1060 3394 birro
1070 3347 1168 3409 ejicio:
1185 3345 1291 3396 Setenim

198 3411 258 3458 huie
270 3412 327 3459 loeo
336 3410 505 3473 aptissimum.
523 3411 649 3475 Hesterni
660 3411 705 3468 dat
717 3425 775 3467 cum
790 3412 869 3468 Both.
888 3419 915 3459 et
927 3411 998 3459 Peri.
1010 3410 1087 3472 quue
1104 3414 1164 3461 adeo
1180 3411 1260 3469 vienn,
1276 3407 1293 3455 ti

199 3474 293 3524 domist.
326 3475 370 3523 Set
384 3474 515 3536 numname
529 3477 623 3524 ibex.
655 3475 808 3524 Datlbond
828 3489 889 3530 eum,
901 3474 984 3535 mrem,
1004 3475 1026 3522 si
1043 3475 1109 3523 domi
1126 3481 1177 3525 eutr
1196 3476 1293 3538 quiem

199 3538 271 3589 nib.
281 3538 333 3588 exit
349 3538 410 3601 Bip.
430 3537 544 3593 Quisnam
552 3540 607 3590 tine
620 3541 665 3589 Tb.
682 3540 732 3589 exit
745 3539 851 3588 exbibet
865 3539 896 3588 Z.
931 3539 1014 3587 Notut
1025 3537 1097 3589 Peri.
1113 3540 1204 3602 legere
1214 3534 1292 3588 Guelf.

199 3607 225 3653 2.
237 3606 262 3653 3.
296 3603 379 3652 Ibood
398 3616 448 3651 sum
470 3615 519 3664 pro
535 3603 610 3665 quue
626 3606 692 3666 adro,
714 3611 741 3652 et
762 3602 886 3652 Gneus.
904 3601 967 3650 dare
988 3602 1044 3650 bine
1060 3610 1123 3665 post
1143 3597 1292 3656 ‘Quisnam'

199 3667 477 3730 DatBr.lboodeum,
491 3668 725 3720 nisumsidomiest.
758 3667 808 3718 Sed
823 3667 930 3731 quonum
944 3666 1001 3716 trine
1016 3680 1033 3714 e
1045 3667 1090 3717 rt.
1108 3681 1149 3719 ex.
1181 3670 1292 3719 Testetur

696 3814 805 3865 NOTAE

233 3915 248 3964 t
266 3914 329 3965 Dnti
344 3913 437 3975 murt]
453 3911 603 3971 Nobiliores
621 3911 729 3962 annulos
770 3912 803 3961 ad
818 3909 888 3961 diem
903 3907 1077 3979 eonstitutum
1098 3909 1224 3973 convivii,
1236 3904 1292 3973 quod

172 4007 174 4011 ¹
200 4002 293 4040 eureos
312 3991 338 4041 iu
356 3991 468 4040 sinistre
486 4003 576 4040 manus
590 3986 672 4051 digito
684 4001 728 4050 pe·
769 3987 1007 4040 communitorum
1029 3985 1212 4052 celebrabant,
1230 3998 1293 4050 eoge-

201 4063 311 4114 nulrimo
330 4065 485 4130 gestabant:
507 4079 552 4114 eos
574 4065 602 4114 in
620 4063 730 4126 pignora
769 4073 867 4118 rentur.

202 4137 390 4190 comissationis
424 4136 541 4191 debente
577 4146 607 4190 ut
638 4138 727 4190 edesse
